3305 5129
634 404 901 467 xxxviii
992 403 1336 467 VIRGIL
1397 403 1606 467 AND
1675 403 1838 470 HIS
1902 401 2340 467 ANCIENT
2404 401 2798 468 CRITICS.

632 566 830 625 cendo
857 565 1057 624 stilum
1086 585 1192 643 per
1218 565 1583 643 singulorum
1611 565 1939 637 varietates,
1970 565 2077 625 sed
2107 576 2221 625 stat
2251 565 2311 624 in
2340 565 2777 625 consuetudine
2809 583 3053 641 percen-

635 646 911 720 sentium‚
943 658 1250 722 tamquam
1278 666 1382 724 per
1409 646 1599 707 aciem
1628 646 1951 724 dispositos
1971 666 2345 718 enumerans,
2369 648 2537 723 quod
2559 666 2681 706 non
2709 646 2838 706 aliis
2865 664 3050 723 quam

636 746 1019 787 numerorum
1059 728 1124 786 fit
1170 728 1512 799 vocabuliS‚'
1539 739 1650 787 etc.
1744 728 1815 805 ἐς
1849 731 1949 804 6-9
1990 746 2090 787 are
2131 727 2193 786 in
2236 728 2339 787 the
2381 747 2545 787 same
2586 729 2751 805 style,
2783 727 3052 804 blaming

636 808 820 886 Virgil
850 811 940 867 sor
966 809 1343 886 introducing
1372 828 1579 868 names
1604 809 1732 868 into
1762 809 1853 869 his
1881 808 2171 868 narrative
2198 808 2391 868 which
2429 809 2506 868 he
2544 810 2650 868 has
2692 808 2943 868 omitted
2985 807 3053 866 in

635 890 726 949 his
754 891 1079 968 catalogue,
1109 891 1230 949 and
1259 890 1535 968 omitting
1562 910 1643 950 on
1674 891 1776 950 the
1805 891 1978 950 other
2005 890 2169 949 hand
2197 900 2260 949 to
2297 889 2494 967 assign
2531 909 2646 966 any
2675 901 2804 967 part
2841 890 2902 948 in
2946 889 3052 948 the

632 991 749 1030 war
776 982 839 1030 to
866 972 1039 1031 those
1066 973 1261 1030 whom
1294 973 1369 1031 he
1398 973 1504 1031 has
1542 971 1892 1031 mentioned
1932 969 2136 1031 there.¹
2224 973 2297 1030 In
2330 970 2363 1046 ᾗ
2400 991 2472 1029 10
2501 970 2686 1049 Virgil
2714 971 2763 1030 is
2791 971 3052 1047 charged

632 1052 771 1112 with
801 1051 1191 1112 inconsistent
1217 1051 1563 1130 repetitions
1600 1054 1670 1112 of
1700 1053 1802 1112 the
1836 1071 2000 1112 same
2028 1070 2222 1124 name,
2251 1071 2317 1111 as
2359 1053 2429 1111 of
2459 1052 2805 1123 Corinaeus,
2836 1053 2970 1111 who
2997 1050 3050 1110 is

632 1134 815 1193 killed
844 1133 906 1192 in
935 1134 1037 1193 the
1065 1133 1238 1192 ninth
1268 1134 1430 1193 book
1450 1134 1573 1193 and
1599 1133 1735 1193 kills
1766 1134 2006 1193 Ebusus
2033 1132 2096 1191 in
2124 1133 2227 1193 the
2254 1133 2494 1192 twelfth.

759 1215 832 1273 In
866 1214 899 1290 ᾗ
937 1216 1025 1286 18,
1058 1234 1138 1274 on
1168 1215 1269 1274 the
1298 1216 1469 1274 other
1498 1216 1678 1287 hand,
1710 1215 1895 1292 Virgil
1919 1214 1968 1273 is
1991 1214 2137 1285 said,
2169 1213 2228 1272 in
2258 1232 2377 1272 one
2405 1232 2650 1291 passage
2679 1215 2749 1273 of
2777 1213 2869 1272 his
2895 1224 3051 1273 cata-

631 1296 824 1373 logue,
856 1306 919 1354 to
962 1296 1112 1355 have
1152 1297 1369 1355 almost
1409 1297 1725 1373 surpassed
1769 1297 2037 1355 Homer:
2082 1295 2189 1354 but
2225 1294 2534 1354 otherwise
2565 1295 2911 1355 Macrobius
2940 1295 3050 1353 has

629 1377 945 1454 preserved
973 1375 1226 1455 nothing
1252 1388 1462 1454 except
1490 1377 1706 1436 hostile
1733 1376 2044 1436 criticisms
2085 1394 2165 1435 on
2205 1375 2323 1435 this
2349 1386 2480 1452 part
2507 1376 2577 1435 os
2607 1376 2840 1453 Virgil's
2867 1374 3043 1435 work.

630 1460 719 1517 As
747 1468 810 1516 to
835 1456 1068 1535 Virgil's
1095 1458 1486 1517 carelessness
1513 1477 1581 1517 or
1622 1468 1776 1516 want
1804 1459 1874 1517 of
1895 1456 2202 1516 invention
2231 1457 2292 1515 in
2330 1459 2434 1516 the
2478 1467 2689 1517 matter
2730 1459 2798 1516 of
2832 1475 3051 1534 proper

632 1558 854 1610 nameS,
887 1539 1054 1598 there
1082 1538 1132 1598 is
1157 1558 1194 1597 a
1223 1540 1452 1598 remark
1482 1539 1543 1598 in
1578 1539 1814 1599 Servius
1856 1537 2034 1615 (Aen.
2068 1554 2159 1596 x11
2193 1555 2307 1613 542
2351 1536 2535 1612 Dan.)
2564 1538 2756 1597 which
2784 1538 3050 1597 reminds

631 1620 733 1679 the
760 1620 968 1679 reader
995 1639 1133 1696 very
1160 1621 1344 1678 much
1371 1621 1440 1679 of
1460 1620 1616 1679 what
1643 1620 1692 1679 is
1721 1619 1850 1679 said
1879 1620 1938 1679 in
1971 1618 2317 1678 Macrobius
2343 1641 2356 1678 ι
2430 1622 2445 1650 ‘
2463 1620 2542 1678 Et
2570 1619 2816 1695 quidam
2859 1638 3051 1695 repre-

632 1701 904 1760 hendunt
931 1700 1257 1778 Vergilium
1285 1700 1346 1759 in
1378 1702 1494 1760 hoc
1530 1702 1668 1760 loco
1705 1701 1870 1777 quod
1912 1699 1975 1759 in
2017 1699 2330 1759 nominum
2373 1699 2717 1759 inventione
2757 1699 3050 1759 deficitur.

632 1784 763 1841 Iam
792 1781 953 1840 enim
982 1782 1044 1840 in
1073 1800 1238 1841 nono
1267 1782 1525 1842 Crethea
1545 1802 1581 1841 a
1601 1784 1811 1841 Turno
1832 1781 2098 1841 occisum
2119 1780 2349 1840 inducit
2371 1792 2437 1840 ut
2466 1781 2707 1840 Crethea
2726 1781 3049 1839 Musarum

629 1862 896 1921 comitem.
998 1863 1118 1922 Sed
1147 1875 1207 1922 et
1233 1863 1396 1940 apud
1428 1865 1768 1922 Homerum
1800 1859 1965 1942 [talia
1992 1861 2258 1921 invenies
2281 1857 2331 1941 Ρ]
2363 1881 2502 1921 nam
2532 1873 2593 1921 et
2621 1863 3047 1938 Pylaemonem

628 1954 688 2004 et
716 1944 1041 2002 Adrastum
1069 1943 1162 2003 bis
1190 1943 1359 2020 ponit
1387 1954 1448 2002 et
1467 1944 1614 2003 alios
1641 1944 2015 2020 complures!

750 2024 885 2083 The
913 2025 1032 2084 fact
1059 2025 1186 2083 that
1215 2024 1468 2097 ServiuS,
1494 2025 1694 2084 whose
1717 2025 1979 2083 remarks
2005 2043 2105 2082 are
2135 2024 2350 2101 mostly
2371 2042 2454 2083 on
2475 2024 2577 2083 the
2593 2023 2723 2083 side
2750 2025 2819 2083 of
2841 2022 3045 2100 Virgil,

630 2104 833 2165 makes
862 2125 898 2165 a
926 2106 1088 2182 reply
1116 2124 1196 2164 on
1226 2106 1342 2165 this
1370 2105 1558 2183 point,
1590 2118 1858 2184 suggests
1887 2106 1989 2164 the
2022 2104 2354 2181 possibility
2382 2106 2510 2164 that
2538 2106 2615 2164 he
2643 2123 2759 2164 was
2788 2105 3049 2181 drawing

626 2205 790 2263 upon
821 2206 858 2245 a
884 2187 1042 2245 work
1074 2186 1134 2244 in
1163 2187 1356 2246 which
1385 2189 1486 2247 the
1513 2187 1792 2264 question
1821 2206 1937 2246 was
1981 2186 2207 2245 treated
2248 2186 2310 2244 in
2338 2205 2375 2245 a
2412 2205 2585 2245 sense
2611 2186 2953 2245 favourable
2982 2196 3048 2244 to

627 2267 719 2327 his
745 2268 975 2327 author.

748 2348 984 2408 Servius
1010 2350 1250 2409 records
1267 2368 1436 2409 some
1458 2349 1719 2409 remarks
1741 2351 1810 2408 os
1830 2368 1867 2408 a
1888 2347 2109 2408 similar
2127 2346 2292 2421 kind,
2313 2348 2658 2407 sometimes
2680 2347 3040 2419 favourable‚
3125 2365 3134 2373 ·

628 2428 972 2489 sometimes
1017 2430 1459 2501 unfavourable‚
1511 2449 1591 2489 on
1642 2441 1885 2490 matters
1928 2431 1998 2488 of
2046 2430 2242 2490 detail.
2329 2431 2480 2488 Aen.
2535 2446 2606 2486 111
2659 2446 2775 2505 590
2832 2426 3046 2505 (Dan.)

631 2510 922 2589 ‘arguitur
976 2510 1037 2570 in
1108 2512 1219 2571 hac
1284 2511 1749 2571 Achaemenidis
1812 2509 2212 2587 descriptione
2278 2509 2572 2589 Vergilius
2642 2508 3047 2587 neglegentiae

632 2593 993 2652 Homericae
1021 2592 1407 2666 narrationis;
1479 2592 1687 2653 Ulixes
1714 2592 1876 2652 enim
1909 2592 2062 2652 inter
2089 2593 2256 2652 initia
2283 2591 2493 2652 erroris
2520 2591 2611 2651 sui
2639 2593 2719 2651 ad
2748 2591 3044 2668 Cyclopas

628 2673 830 2747 venit;
887 2674 1399 2749 quemadmodum
1445 2692 1585 2751 ergo
1641 2676 1878 2733 Aeneas
1922 2684 2060 2752 post
2113 2673 2433 2752 septimum
2488 2691 2714 2732 annum
2771 2690 2952 2749 quam
3008 2691 3045 2731 a

627 2753 810 2813 Troia
835 2755 1136 2831 profectus
1173 2765 1264 2814 est
1304 2754 1534 2814 socium
1579 2754 1773 2815 Ulixis
1814 2754 2087 2814 invenit?
2126 2754 2470 2833 praesertim
2511 2772 2650 2812 cum
2689 2772 2827 2812 eum
2857 2753 3044 2812 tribus

628 2833 935 2895 mensibus
988 2834 1051 2893 in
1106 2836 1345 2912 regione
1400 2837 1736 2913 Cyclopum
1791 2835 1951 2895 dicat
2007 2847 2318 2906 moratum,
2376 2845 2437 2894 et
2492 2853 2632 2893 mox
2676 2835 2912 2894 Aeneas
2966 2833 3044 2893 de

628 2914 825 2976 Sicilia
873 2916 952 2975 ad
1005 2915 1267 2975 Africam
1312 2917 1543 2977 venisse
1587 2917 1854 2976 dicatur!
1936 2917 2085 2976 This
2128 2917 2176 2976 is
2226 2927 2334 2976 not
2377 2915 2437 2974 in
2485 2914 2872 2987 Macrobius3
2935 2933 3045 2974 nor

627 2996 799 3074 again
829 2998 930 3056 the
972 2996 1304 3075 following:
1376 2999 1525 3058 Aen.
1561 3014 1629 3055 lx
1676 3001 1792 3070 264
1825 2998 2026 3074 ‘atqui
2068 2998 2400 3058 secundum
2445 2998 2785 3055 Homerum
2829 2996 3045 3055 Arisba

627 3077 902 3136 Troianis
931 3076 1090 3137 misit
1130 3078 1413 3137 auxilium
1456 3091 1516 3138 et
1543 3079 1620 3137 ab
1663 3078 1898 3138 Achille
1924 3078 2207 3139 subversa
2234 3090 2339 3138 est.
2426 3078 2547 3137 Sed
2586 3076 2912 3153 accipimus
2940 3087 3043 3136 aut

626 3168 766 3217 ante
811 3158 1033 3218 bellum
1078 3158 1444 3218 Graecorum
1490 3159 1768 3219 Arisbam
1815 3179 1852 3218 a
1906 3160 2182 3219 Troianis
2223 3169 2461 3236 captam
2517 3168 2576 3218 et
2631 3157 2694 3216 in
2748 3157 3043 3218 amicitiae

625 3240 837 3299 foedus
865 3239 1203 3312 admissam,
1234 3251 1338 3300 aut
1364 3251 1524 3300 certe
1552 3242 1770 3317 pocula
1797 3241 1946 3300 haec
1973 3241 2115 3300 data
2140 3240 2220 3300 ab
2250 3241 2532 3312 Helen0,’
2560 3249 2671 3298 etc.

749 3321 902 3379 Aen.
937 3337 1023 3378 vn
1057 3323 1192 3397 803,
1229 3325 1243 3353 ‘
1263 3322 1586 3398 prudenter
1611 3334 1750 3398 post
1790 3321 2096 3399 impletam
2124 3319 2759 3381 commemorationem
2785 3318 3045 3378 virorum

622 3401 829 3460 transit
855 3402 935 3461 ad
962 3401 1228 3462 feminas,
1317 3403 1410 3462 Ita
1437 3402 1597 3462 enim
1626 3414 1688 3462 et
1716 3404 1793 3462 de
1820 3402 2095 3462 Troianis
2122 3402 2399 3478 loquitur,
2421 3400 2527 3477 qui
2554 3400 2832 3460 ultimum
2861 3403 3039 3460 Ama-

623 3500 842 3542 zonum
870 3482 1152 3541 auxilium
1181 3485 1644 3560 postulaverunt.
1734 3485 1907 3559 Quae
1933 3503 2027 3543 res
2054 3484 2133 3543 ab
2172 3485 2448 3543 Homero
2476 3481 2888 3558 praetermissa
2915 3482 3041 3540 est.'

626 3565 775 3623 Aen.
826 3580 939 3621 vm
988 3565 1103 3641 625
1152 3563 1365 3641 (Dan.)
1414 3569 1594 3624 ‘sane
1639 3564 1882 3625 interest
1924 3563 2078 3624 inter
2126 3566 2286 3624 hunc
2335 3574 2395 3623 et
2452 3561 2708 3622 Homeri
2763 3561 3039 3639 clipeum.

627 3644 759 3704 Illic
786 3644 948 3704 enim
976 3644 1206 3722 singula
1227 3646 1373 3704 dum
1396 3646 1546 3705 fiunt
1565 3656 1888 3717 narrantur,
1914 3644 2012 3704 hic
2031 3665 2172 3704 vero
2190 3646 2452 3723 perfecto
2474 3663 2654 3721 opere
2676 3654 3003 3703 noscuntur
3026 3663 3044 3716 3

625 3744 765 3784 narn
807 3736 869 3785 et
917 3725 1014 3785 hic
1055 3745 1219 3785 arma
1258 3727 1420 3804 prius
1461 3726 1694 3804 accepit
1735 3731 1971 3786 Aeneas
2013 3745 2194 3802 quam
2236 3736 2545 3803 spectaret,
2593 3724 2676 3783 ibi
2721 3734 3040 3800 postquam

624 3806 828 3865 omnia
856 3817 1086 3866 narrata
1114 3819 1268 3878 sunt,
1301 3807 1387 3866 sic
1426 3827 1463 3866 a
1503 3807 1764 3868 Thetide
1792 3808 2136 3867 deferuntur
2178 3807 2255 3866 ad
2284 3805 2598 3865 Achillem.
2685 3805 3042 3882 Opportune

623 3906 764 3965 ergo
791 3887 1121 3965 Vergilius,'
1149 3899 1260 3948 etc.
1349 3888 1698 3948 Macrobius
1726 3887 1888 3947 v·xvi
1916 3908 1971 3964 9,
2000 3892 2014 3920 ‘
2038 3889 2341 3947 Eumedes
2372 3885 2629 3947 Dolonis
2655 3888 2851 3964 proles
2880 3886 3039 3946 bello

622 3969 921 4045 praeclara
974 3969 1177 4027 animo
1233 3969 1630 4045 manibusque
1680 3980 1985 4047 parentem
2030 3970 2226 4041 refort,
2285 3988 2424 4028 cum
2478 3968 2643 4045 apud
2701 3968 3040 4027 Homerum

625 4050 828 4108 Dolon
858 4048 1114 4109 imbellis
1142 4049 1253 4109 sit!

744 4130 980 4190 Servius
1021 4150 1103 4190 on
1130 4133 1282 4191 Aen.
1314 4148 1406 4189 xn
1451 4132 1583 4203 266,
1619 4134 1634 4161 ‘
1655 4132 1774 4191 hoc
1813 4133 1951 4191 loco
1978 4131 2056 4191 ab
2087 4129 2343 4190 Homeri
2383 4127 2741 4190 oeconomia
2779 4127 3038 4189 recessit.

623 4211 733 4271 Ille
789 4211 1016 4289 (autem
1034 4211 1085 4289 ?)
1140 4212 1372 4272 inducit
1428 4211 1763 4272 Minervam
1819 4213 2276 4289 persuadentem
2333 4211 2607 4271 Pandaro
2652 4221 2723 4270 ut
2767 4209 2922 4270 iacto
2977 4208 3041 4268 in

723 4331 736 4361 ¹
771 4331 1020 4396 Compare
1044 4332 1244 4383 Servius
1265 4349 1331 4383 on
1353 4335 1481 4383 Aen.
1512 4346 1573 4383 1x
1597 4332 1711 4398 584,
1743 4333 2015 4384 ‘incertum
2047 4350 2108 4383 ex
2140 4349 2239 4399 qua
2261 4332 2518 4383 recondita
2540 4331 2746 4382 historia
2767 4332 3040 4381 Arcentem

619 4395 769 4447 istum
792 4397 1043 4447 induxerit
1077 4434 1090 4447 .
1132 4433 1144 4446 .
1186 4434 1198 4446 .
1237 4408 1288 4448 et
1309 4399 1431 4463 quid
1455 4399 1609 4449 homo
1632 4400 1829 4449 Siculus
1850 4400 1903 4449 in
1926 4399 2024 4450 hoc
2049 4399 2186 4450 bello
2218 4398 2336 4449 fecit
2368 4397 2536 4461 (faciat
2552 4399 2594 4459 ἲ)
2618 4412 2769 4462 quem
2793 4412 3038 4460 nusquam

617 4477 767 4528 supra
788 4478 902 4512 cum
925 4463 1101 4513 Aenea
1120 4463 1243 4514 dicit
1265 4464 1330 4514 ad
1355 4465 1554 4514 Italiam
1578 4464 1897 4531 pervenisse)
