3305 5129
646 401 893 464 lxxxvi
940 400 1145 463 THE
1191 399 1628 464 ANCIENT
1677 398 2490 465 COMMENTATORS
2540 398 2672 464 ΟΝ
2720 397 3077 462 VIRGIL.

651 564 870 623 naves!
914 561 1099 622 Unde
1123 574 1183 621 et
1203 569 1377 622 sectas
1397 561 1654 622 dicimus
1676 560 1915 622 habitus
1934 561 2269 621 animorum
2294 572 2355 620 et
2377 560 2644 620 instituta
2664 559 3080 638 philosophiae

653 644 811 705 circa
840 643 1234 722 disciplinam.
1322 644 1537 720 Comp.
1568 645 1729 703 Serv.
1763 645 1835 702 A.
1869 659 1931 700 vr
1965 662 2098 718 900.
3011 706 3020 713 „

779 727 840 783 P.
875 744 1012 797 404,
1043 726 1394 800 squalidum,
1428 724 1581 783 sicut
1613 725 1984 802 plerumque,
2016 723 2231 783 dicitur
2262 725 2576 783 sordidum.
2679 722 2972 800 Vergilius
3015 722 3077 780 in

656 806 963 865 Aeneidos
1017 805 1117 865 lib.
1179 823 1224 864 11
1280 806 1686 883 ‘squalentem
1736 805 1983 864 barbam
2040 816 2100 864 et
2147 816 2461 865 concretos
2516 804 2806 882 sanguine
2850 804 3078 863 crines.’

658 888 1030 964 Squalidum,
1082 887 1330 964 fulgens
1431 886 1726 964 Vergilius
1777 885 1880 945 lib.
1932 903 1975 944 x
2028 890 2168 964 ‘per
2205 886 2470 946 tunicam
2519 888 2892 962 squalentem
2934 903 3079 943 auro

658 970 812 1028 latus
840 968 1034 1026 haurit
1062 969 1374 1045 apertum.'

781 1050 1033 1121 ServiuS,
1063 1051 1137 1108 A.
1171 1066 1217 1107 11
1251 1066 1362 1124 277
1397 1047 1629 1127 (Dan.),
1659 1048 2010 1124 squalentem
2037 1050 2223 1109 modo
2250 1049 2564 1120 sordidum,
2594 1047 2735 1107 alibi
2766 1048 3037 1106 lucentem
3059 1070 3076 1104 .-

659 1135 799 1208 ‘per
826 1130 1090 1189 tunicam
1128 1131 1501 1207 squalentem
1543 1131 1727 1201 aur0,'
1754 1149 1791 1188 a
1818 1129 2098 1207 squamis,
2188 1132 2366 1190 From
2396 1130 2624 1189 Gellius
2664 1147 2709 1188 11
2741 1132 2777 1188 6
2808 1129 2851 1188 it
2887 1146 3080 1189 seems

658 1213 788 1271 that
819 1215 834 1242 ‘
855 1212 1119 1270 tunicam
1149 1212 1522 1289 squalentem
1549 1230 1697 1270 auro
1716 1212 1729 1239 '
1756 1230 1874 1270 was
1901 1230 1978 1270 an
2007 1212 2349 1288 expression
2379 1211 2618 1270 blamed
2650 1210 2727 1287 by
2757 1210 3076 1271 Cornutus,

661 1293 891 1354 Gellius
918 1293 1172 1352 defends
1200 1294 1247 1351 it
1272 1311 1338 1351 as
1358 1293 1604 1363 follows,
1634 1292 1670 1351 l.
1702 1308 1752 1351 c,
1791 1292 1826 1369 ξ
1858 1313 1933 1351 20
1962 1293 2083 1352 soll.
2113 1315 2126 1351 :
2165 1295 2179 1323 ‘
2198 1293 2274 1352 Id
2301 1304 2502 1351 autem
2525 1292 2817 1369 significat
2844 1291 3081 1368 copiam

660 1374 1138 1451 densitatemque
1192 1373 1318 1433 auri
1378 1373 1440 1431 in
1498 1392 1882 1449 squamarum
1938 1373 2200 1449 speciem
2254 1373 2476 1433 intexti.
2592 1374 2869 1448 Squalere
2919 1372 3080 1432 enim

661 1455 890 1515 dictum
938 1474 975 1513 a
1016 1473 1397 1531 squamarum
1439 1453 1754 1514 crebritate
1785 1455 2237 1531 asperitateque,
2269 1474 2423 1532 quae
2462 1454 2522 1513 in
2565 1455 2929 1531 serpentium
2971 1454 3084 1531 pis-

660 1536 896 1596 ciumve
939 1536 1114 1595 coriis
1157 1535 1441 1594 visuntur.
1530 1535 1733 1609 Quam
1776 1555 1902 1595 rem
1943 1548 2003 1594 et
2046 1536 2144 1595 alii
2188 1546 2249 1595 et
2290 1536 2388 1595 hic
2426 1535 2671 1612 quidem
2716 1548 2894 1612 poeta
2935 1534 3081 1594 locis

657 1617 887 1694 aliquot
914 1618 1300 1677 demonstrat.
1390 1620 1404 1648 ‘
1427 1616 1629 1691 Quem
1671 1616 1880 1693 pellis,'
1907 1616 2116 1693 inquit,
2152 1617 2392 1676 ‘ahenis
2419 1617 2492 1675 In
2522 1614 2790 1693 plumam
2818 1615 3081 1693 squamis

661 1718 808 1758 auro
858 1708 1131 1757 conserta
1186 1696 1459 1775 tegebat,'
1513 1707 1575 1756 et
1626 1697 1746 1756 alio
1804 1699 1956 1770 loco,
2014 1702 2028 1729 ‘
2052 1698 2303 1774 Iamque
2346 1700 2502 1757 adeo
2558 1697 2798 1757 rutilum
2844 1699 3085 1757 thoraca

661 1780 908 1840 indutus
935 1778 1143 1838 ahenis
1176 1778 1481 1838 Horrebat
1507 1778 1809 1855 squamis.'
1875 1778 2096 1838 Accius
2117 1778 2177 1837 in
2211 1778 2513 1856 Pelopidis
2542 1778 2623 1837 ita
2651 1778 2886 1838 scribit:
2919 1782 2934 1809 ‘
2955 1777 3082 1836 eius

662 1860 951 1937 serpentis
976 1879 1261 1936 squamae
1289 1859 1564 1936 squalido
1600 1878 1747 1919 auro
1775 1871 1834 1919 et
1863 1879 2120 1937 purpura
2150 1861 2494 1920 Pertextae.’
2578 1859 2883 1937 Quicquid
2911 1858 3084 1936 igitur

662 1941 840 2000 nimis
870 1941 1232 2000 inculcatum
1262 1940 1646 2017 obsitumque
1674 1941 1874 2017 aliqua
1900 1961 1964 2001 re
1992 1952 2132 2014 erat,
2165 1951 2231 2000 ut
2260 1942 2550 2000 incuteret
2577 1940 2906 2000 visentibus
2932 1938 3084 1999 facie

662 2041 819 2082 nova
846 2023 1167 2094 horrorem,
1202 2022 1264 2081 id
1291 2023 1551 2098 squalere
1576 2022 1902 2081 dicebatur.
1961 2023 2060 2081 Sic
2079 2022 2140 2081 in
2169 2022 2518 2099 corporibus
2547 2022 2785 2081 incultis
2812 2039 3086 2098 squamo-

661 2103 862 2180 sisque
888 2105 1009 2162 alta
1034 2103 1340 2180 congeries
1368 2102 1634 2163 sordium
1663 2105 1908 2179 squalor
1928 2104 2355 2181 appellabatur,
2386 2115 2496 2163 ete.

782 2185 918 2243 The
946 2184 1323 2261 explanation
1354 2185 1423 2244 os
1453 2185 1555 2243 the
1584 2185 1746 2244 word
1786 2184 1961 2262 given
2006 2184 2082 2262 by
2111 2185 2339 2245 Gellius
2369 2184 2417 2244 is
2460 2186 2784 2244 somewhat
2813 2184 3089 2244 different

661 2266 815 2326 from
858 2267 987 2325 that
1035 2266 1104 2325 of
1136 2265 1373 2325 Nonius
1416 2266 1539 2324 and
1588 2265 1841 2325 Servius.
1949 2266 2111 2325 That
2165 2266 2235 2326 of
2270 2266 2499 2326 Gellius
2548 2285 2682 2341 may
2731 2267 2881 2324 have
2929 2265 3083 2325 been

664 2347 850 2407 based
878 2366 958 2406 on
1001 2365 1038 2405 a
1079 2358 1222 2406 note
1264 2348 1335 2405 of
1363 2346 1606 2405 Verrius
1638 2348 1923 2406 Flaccus:
1969 2348 2123 2406 Fest.
2161 2367 2215 2424 p.
2248 2350 2385 2423 328,
2413 2347 2747 2423 squalidum
2791 2347 3084 2405 incultum

663 2438 724 2487 et
764 2428 1092 2499 sordidum,
1144 2428 1312 2504 quod
1351 2427 1619 2504 proxime
1662 2426 2115 2488 similitudinem
2151 2428 2332 2488 habet
2374 2447 2662 2505 squamae
2701 2427 2955 2504 piscium
2999 2427 3086 2487 sic

664 2510 1047 2588 appellatum.

786 2593 850 2650 P.
903 2594 1041 2664 416,
1093 2609 1312 2649 vanum
1358 2600 1448 2650 est
1490 2591 1763 2650 mendax.
1849 2591 2144 2669 Vergilius
2187 2591 2492 2651 Aeneidos
2536 2590 2637 2650 lib.
2671 2608 2690 2649 1
2739 2589 2833 2649 ‘ni
2875 2591 3091 2649 frustra

661 2672 974 2750 augurium
1004 2672 1139 2730 vani
1161 2672 1420 2731 docuere
1438 2673 1749 2749 parentes?
1833 2673 2071 2732 Nonius
2100 2672 2412 2732 illustrates
2437 2673 2661 2732 further
2689 2673 2841 2731 from
2869 2673 3089 2731 Sallust

663 2754 786 2813 and
816 2753 1045 2814 Cicer0.

788 2834 1040 2906 ServiuS,
1074 2837 1144 2892 A.
1181 2851 1199 2892 1
1233 2853 1347 2911 392
1381 2832 1612 2911 (Dan.),
1644 2834 1891 2911 quidam
1936 2835 2082 2895 vam*
2107 2835 2395 2893 mendaces
2434 2835 2690 2894 tradunt.
2779 2831 3090 2893 Sallustius

665 2914 728 2974 in
760 2916 1062 2993 Iugurtha,
1098 2919 1271 2973 ‘narn
1300 2933 1412 2991 ego
1453 2915 1698 2991 quidem
1729 2916 1942 2975 vellem
1986 2927 2048 2976 et
2087 2917 2237 2975 haec
2274 2934 2429 2992 quae
2466 2915 2662 2976 scribo
2691 2926 2752 2975 et
2793 2915 2892 2974 illa
2934 2932 3090 2990 quae

663 3006 841 3056 antea
869 2996 929 3055 in
959 3007 1170 3055 senatu
1199 3006 1443 3073 questus
1464 3015 1596 3056 sum
1631 3016 1784 3055 vana
1813 2997 2006 3056 forent
2026 2997 2241 3074 potiuS,
2273 3016 2454 3073 quam
2484 2995 2719 3055 miseria
2741 3014 2874 3054 mea
2904 2996 3088 3055 fidem

664 3076 859 3137 verbis
886 3078 1141 3136 faceret)
1240 3076 1556 3136 Terentius
1586 3076 1645 3135 in
1679 3078 2058 3150 Phormione,
2089 3078 2192 3137 ubi
2231 3079 2584 3138 adulescens
2613 3079 2894 3137 lenonem
2925 3095 3089 3136 men-

665 3158 820 3219 dacii
844 3158 1050 3235 arguit,
1085 3162 1100 3189 ‘
1118 3160 1261 3217 Non
1293 3168 1350 3217 te
1378 3159 1567 3235 pudet
1594 3157 1868 3218 vanitatis
1886 3160 1948 3219 '?

790 3240 1018 3299 Gellius
1063 3255 1223 3297 xvm
1270 3260 1310 3312 4
1357 3238 1673 3298 illustrates
1712 3240 1814 3298 the
1855 3258 2020 3299 same
2076 3259 2249 3300 sense
2292 3240 2361 3299 of
2403 3259 2593 3299 vanus
2640 3240 2789 3299 from
2834 3238 3088 3299 another

665 3339 913 3400 passage
963 3321 1032 3380 of
1066 3320 1301 3392 Sallust,
1352 3320 1580 3396 quoted
1635 3320 1868 3380 neither
1909 3320 1990 3397 by
2035 3321 2272 3380 Nonius
2309 3340 2420 3381 nor
2464 3320 2714 3380 Servius
2824 3321 2942 3379 For
2982 3320 3086 3378 the

666 3404 1006 3479 etymology
1030 3402 1100 3461 os
1121 3420 1310 3460 vanus
1335 3402 1413 3460 he
1439 3402 1618 3460 refers
1647 3413 1712 3461 to
1742 3400 2018 3478 Nigidius
2049 3402 2306 3479 Figulus

790 3485 855 3542 P.
902 3503 1039 3556 420,
1070 3502 1297 3542 verrere
1334 3493 1425 3541 est
1469 3484 1715 3542 trahere.
1801 3483 2096 3561 Vergilius
2133 3482 2234 3543 lib.
2285 3501 2305 3542 1
2360 3482 2616 3560 ‘quippe
2662 3483 2852 3542 serant
2892 3479 3086 3559 rapidi

667 3584 890 3638 secum,
914 3575 1266 3641 verrantque
1293 3583 1401 3641 per
1424 3566 1632 3623 auras!

788 3646 1042 3717 Servius,
1074 3647 1145 3703 A.
1180 3662 1199 3702 1
1233 3663 1327 3723 59,
1358 3664 1579 3705 verrere
1618 3655 1709 3704 est
1747 3645 1994 3717 trahere,
2025 3664 2062 3704 a
2097 3656 2238 3716 rete,
2271 3646 2436 3721 quod
2470 3644 2822 3704 verriculum
2851 3642 3086 3704 dicitur.

669 3745 690 3786 1
734 3730 871 3801 478,
903 3746 1066 3786 versa
1107 3737 1308 3798 tracta,
1339 3738 1405 3785 ut
1452 3728 1696 3785 Plautus
1733 3726 2066 3785 ‘inveniam
2111 3726 2315 3786 omnia
2353 3746 2537 3799 versa,
2582 3726 2820 3803 sparsa.’
2901 3724 3086 3784 Venit

666 3820 865 3869 autem
895 3808 975 3868 ab
1002 3827 1078 3868 eo
1106 3808 1272 3884 quod
1299 3817 1390 3867 est
1416 3826 1629 3866 verror.
1718 3808 1801 3867 So
1831 3808 2062 3867 Isidore
2086 3824 2202 3866 xix
2230 3827 2267 3866 v
2298 3827 2351 3884 3.

790 3891 857 3948 P.
908 3908 1045 3961 421,
1101 3889 1301 3964 cupido
1354 3899 1413 3948 et
1454 3907 1623 3947 amor
1674 3887 1836 3947 idem
1885 3888 2215 3965 significare
2269 3889 2559 3949 videntur.
2668 3889 2745 3947 Et
2790 3885 2877 3966 (at
2894 3885 2947 3965 ?)
2993 3895 3085 3946 est

669 3969 995 4031 diversitas.
1108 3970 1332 4046 Cupido
1374 3968 1535 4030 enim
1581 3969 2055 4029 inconsideratae
2098 3981 2188 4028 est
2229 3969 2613 4041 necessitatiS,
2656 3988 2828 4027 amor
2863 3966 3085 4027 iudicii.

668 4052 913 4110 Plautus
943 4050 1383 4110 Bacchidibus:
1430 4055 1445 4082 ‘
1463 4050 1745 4128 Cupidon
1785 4062 1983 4110 tecum
2027 4050 2228 4122 saevit,
2258 4069 2415 4110 anne
2454 4051 2652 4109 amor'
2674 4051 2702 4108 ?
2805 4049 2979 4109 Idem
3023 4048 3088 4107 in

670 4132 1032 4194 Curculione
1058 4131 1351 4203 discrevit,
1383 4142 1444 4191 et
1478 4132 1600 4190 vim
1640 4131 1912 4192 eiusdem
1955 4131 2308 4192 diversitatis
2336 4132 2636 4209 expressit,
2669 4131 2893 4203 dicens,
2928 4133 3087 4206 ‘quo

665 4215 876 4273 Venus
932 4213 1295 4290 Cupidoque
1342 4212 1608 4290 imperat,
1667 4213 1998 4290 suadetque
2051 4215 2277 4274 Amor.’
2385 4213 2665 4272 Afranius
2722 4212 2783 4271 in
2841 4210 3081 4282 Omine,

669 4294 927 4354 ‘amabit
955 4293 1209 4371 sapienS,
1241 4293 1484 4370 cupient
1512 4292 1733 4353 ceteri.'

787 4375 1040 4448 Servius,
1098 4377 1170 4435 A.
1230 4392 1292 4434 1v
1357 4395 1470 4452 194
1528 4373 1817 4453 (Daniel),
1875 4375 1982 4434 has
2023 4376 2126 4435 the
2180 4394 2344 4435 same
2400 4384 2544 4435 note
2598 4375 2722 4435 and
2763 4373 2865 4433 the
2919 4390 3085 4432 same

664 4456 1046 4534 quotations:
1106 4456 1216 4516 but
1263 4457 1365 4516 the
1401 4475 1568 4516 verse
1617 4456 1687 4515 of
1720 4455 1999 4515 Afranius
2055 4455 2104 4516 is
2145 4457 2373 4533 quoted
2399 4456 2569 4532 from
2612 4457 2707 4514 the
2748 4456 2981 4515 Neaera
3019 4472 3087 4514 as
