3305 5129
619 423 815 487 lxxvi
876 423 1079 488 THE
1136 424 1574 490 ANCIENT
1629 424 2444 491 COMMENTATORS
2500 423 2634 489 ΟΝ
2683 420 3043 487 VIRGIL.

617 586 770 646 intra
818 606 1043 663 penum
1100 587 1297 648 Erile.'
1400 588 1551 648 This
1602 588 1652 648 is
1697 590 1977 666 repeated
2033 591 2234 666 nearly
2280 590 2509 648 totidem
2566 588 2750 648 verbis
2803 606 2886 646 on
2941 587 3043 645 the

617 668 914 745 authority
959 669 1027 728 of
1061 671 1335 729 Donatus
1372 671 1493 729 and
1533 670 1746 748 Caper,
1781 671 1841 729 in
1884 670 2062 731 Prisc.
2107 688 2188 743 vr,
2231 690 2288 747 p.
2339 673 2455 729 260
2499 671 2577 729 K.
2663 670 2753 740 (It
2789 667 2839 728 is
2887 668 3045 727 clear

619 749 680 808 in
710 749 827 808 this
855 749 1123 809 instance
1153 751 1280 809 that
1309 752 1410 810 the
1438 751 1633 811 oldest
1661 753 1813 811 form
1842 754 1911 812 os
1933 754 2034 811 the
2063 764 2206 813 note
2227 752 2278 811 is
2306 751 2620 829 preserved
2650 749 2712 809 in
2743 748 3040 808 Priscian:

619 831 742 890 and
771 832 899 889 that
928 832 1028 890 the
1057 842 1200 891 note
1229 831 1277 891 is
1306 844 1367 890 at
1395 834 1542 891 least
1568 851 1634 892 as
1664 834 1769 893 old
1796 852 1861 892 as
1891 833 2119 893 Gellius
2147 834 2269 893 and
2300 832 2488 892 Iulius
2519 829 2881 907 Romanus)

744 913 807 970 P.
858 930 950 989 51,
994 913 1222 971 laevum
1267 912 1581 990 significari
1629 926 1858 975 veteres
1909 927 2236 992 posuerunt
2271 914 2441 990 quasi
2484 933 2521 973 a
2560 913 2816 971 levando.
2904 912 3037 969 Ver-

618 992 826 1070 gilium
854 1012 1097 1070 quoque
1131 993 1246 1053 sub
1272 996 1385 1053 hac
1414 995 1814 1055 ostentatione
1840 995 2111 1074 posuisse
2140 996 2454 1055 voluerunt
2483 994 2911 1070 Georgicorum
2941 991 3040 1050 lib.

623 1092 685 1133 ιν
718 1078 732 1104 ‘
755 1074 803 1133 si
833 1093 1015 1151 quem
1056 1074 1323 1134 Numina
1356 1077 1524 1136 laeva
1561 1076 1764 1136 sinunt
1786 1078 1835 1136 'z
1881 1077 2114 1136 Ennius
2142 1076 2467 1136 Annalium
2508 1075 2607 1134 lib.
2643 1091 2713 1133 111
2778 1078 2794 1105 ⁶
2816 1073 2938 1134 Olli
2967 1074 3045 1132 de

619 1156 788 1215 caelo
816 1157 1050 1215 laevum
1081 1156 1249 1216 dedit
1277 1156 1536 1217 inclutus
1565 1157 1841 1235 signum!

742 1236 995 1308 Servius,
1026 1240 1099 1296 A.
1134 1255 1179 1296 11
1215 1256 1306 1315 54,
1331 1239 1497 1298 laeva
1521 1239 1708 1299 modo
1735 1239 2042 1299 contraria.
2098 1241 2176 1298 Et
2204 1238 2516 1298 sciendum
2534 1238 2778 1308 laevum,
2803 1254 2942 1295 curn
2965 1235 3044 1295 de

620 1317 897 1377 humanis
926 1318 1103 1378 rebus
1131 1330 1238 1390 est,
1288 1338 1420 1378 esse
1451 1320 1831 1394 contrarium,
1863 1339 2002 1380 cum
2041 1321 2120 1380 de
2157 1319 2529 1391 caelestibus,
2570 1336 2937 1396 prosperum,
2977 1325 3046 1375 ut

622 1397 916 1458 ‘intonuit
970 1400 1242 1459 laevum!
1324 1401 1407 1460 So
1455 1420 1535 1460 on
1575 1418 1623 1460 11
1671 1403 1788 1478 693
1842 1403 2068 1461 laevum
2115 1401 2434 1474 sinistrum,
2487 1418 2854 1478 prosperum,
2904 1396 3046 1474 quia

619 1481 875 1540 caeleste
902 1492 1008 1552 est,
1040 1492 1106 1540 ut
1134 1480 1393 1541 diximus
1420 1500 1622 1559 supra:
1677 1484 1801 1543 and
1828 1503 1898 1543 so
1926 1503 2007 1544 on
2038 1484 2109 1543 G.
2144 1500 2209 1541 ιν
2239 1485 2292 1542 6.

744 1562 807 1619 Ρ.
843 1579 874 1638 5
883 1581 935 1637 3,-
967 1562 1348 1621 vestibulum:
1390 1563 1507 1622 this
1536 1574 1680 1623 note
1716 1563 2039 1624 resembles
2078 1564 2206 1623 that
2234 1563 2295 1622 in
2335 1564 2564 1624 Gellius
2599 1580 2709 1621 xv1
2743 1579 2794 1638 5.
2882 1561 3040 1620 Serv.

622 1643 693 1700 A.
727 1658 790 1700 V1
824 1660 938 1718 273
979 1642 1108 1720 (the
1147 1643 1267 1702 line
1303 1646 1531 1719 quoted
1574 1644 1654 1720 by
1682 1646 1912 1705 Gellius
1948 1646 1983 1704 l.
2016 1643 2114 1720 c.)‚
2147 1645 2531 1704 vestibulum:
2565 1655 2631 1705 ut
2659 1644 2848 1702 Varro
2882 1639 3043 1710 dicit,
3150 1678 3166 1694 .

619 1723 981 1801 etymologia
1027 1743 1151 1783 non
1200 1723 1383 1783 habet
1426 1725 1865 1802 proprietatem,
1916 1727 2025 1786 sed
2067 1726 2133 1785 fit
2178 1746 2288 1803 pro
2335 1737 2515 1803 captu
2564 1724 2800 1802 ingenii.
2888 1723 3047 1781 Nam

622 1804 961 1863 vestibulum
1001 1815 1065 1863 ut
1093 1824 1271 1882 supra
1308 1805 1565 1866 diximus
1594 1806 1668 1882 (11
1700 1805 1846 1884 469)
1876 1806 2105 1867 dictum
2131 1807 2211 1866 ab
2252 1826 2328 1867 eo
2355 1808 2524 1884 quod
2551 1806 2790 1865 ianuam
2819 1801 3046 1863 vestiat.

620 1884 741 1943 Alii
766 1885 990 1957 dicunt,
1021 1885 1101 1945 ab
1129 1906 1203 1946 eo
1244 1887 1412 1962 quod
1438 1889 1637 1947 nullus
1667 1888 1786 1948 illic
1814 1899 1943 1948 stet.
2034 1889 2109 1947 In
2136 1888 2342 1948 limine
2369 1888 2532 1948 enim
2574 1888 2735 1948 solus
2764 1895 2856 1945 est
2897 1898 3047 1943 tran-

619 1965 806 2025 situs:
862 1967 1174 2042 quomodo
1223 1986 1470 2026 vesanus
1508 1968 1725 2028 dicitur
1771 1988 1896 2029 non
1941 1988 2138 2041 sanuS,
2190 1969 2275 2029 sic
2327 1970 2667 2029 vestibulum
2717 1966 2887 2045 quasi
2933 1984 3048 2023 non

620 2047 929 2107 stabulum.
1017 2048 1151 2107 The
1193 2051 1531 2126 etymology
1574 2049 1622 2109 is
1672 2051 1775 2110 the
1815 2070 1980 2110 same
2028 2070 2093 2109 as
2140 2051 2269 2110 that
2308 2049 2483 2128 given
2533 2050 2611 2127 by
2653 2048 2881 2109 Gellius
2928 2047 3050 2106 and

622 2128 875 2201 Nonius,
923 2128 1030 2187 but
1069 2130 1170 2188 the
1215 2129 1660 2208 interpretation
1699 2132 1768 2191 of
1802 2151 1868 2191 ve
1906 2131 1956 2191 is
2005 2131 2293 2192 different.
2380 2131 2610 2192 Gellius
2651 2130 2701 2190 is
2749 2128 3049 2203 evidently

619 2209 945 2287 extracting
980 2211 1132 2269 from
1161 2229 1197 2269 a
1224 2223 1662 2271 commentator
1693 2231 1774 2272 on
1816 2213 2001 2290 Virgil
2027 2234 2039 2271 :
2085 2213 2322 2272 Nonius
2355 2232 2421 2272 as
2459 2212 2759 2289 evidently
2801 2220 2925 2282 not,
2955 2211 3046 2269 for

620 2291 698 2349 he
726 2291 866 2367 only
896 2303 1108 2368 quotes
1138 2290 1369 2352 Cicero,

746 2373 806 2430 P.
845 2389 937 2448 53,
981 2374 1229 2430 bidentes
1255 2372 1358 2450 qui
1385 2373 1725 2433 existimant
1753 2373 1836 2434 ob
1865 2393 1999 2434 eam
2033 2393 2276 2434 causam
2314 2393 2456 2434 oves
2483 2393 2520 2432 a
2549 2372 2811 2451 Vergilio
2855 2371 3046 2432 dictas

619 2453 785 2528 quod
814 2454 968 2514 duos
996 2455 1207 2513 dentes
1237 2454 1513 2526 habeant,
1540 2455 1799 2531 pessime
1827 2474 1898 2515 ac
1925 2455 2137 2515 vitiose
2165 2455 2551 2533 intellegunt:
2581 2474 2721 2514 nam
2751 2474 2864 2513 nec
2892 2454 3046 2513 duos

622 2533 832 2594 dentes
870 2534 1111 2608 habent,
1154 2545 1216 2596 et
1259 2537 1377 2596 hoc
1417 2535 1665 2613 quidem
1701 2555 1890 2614 genus
1933 2536 2181 2598 monstri
2223 2548 2328 2597 est.
2418 2538 2497 2597 Et
2534 2536 2745 2597 melius
2787 2533 3050 2612 intellegi

625 2626 825 2691 potest
875 2615 924 2675 si
978 2617 1205 2675 biennes
1250 2616 1520 2689 dixerint,
1571 2618 1924 2678 auctoritate
1981 2618 2300 2695 Pomponii
2364 2618 2424 2678 in
2481 2619 2772 2688 Atellana,
2828 2621 2842 2648 ‘
2869 2618 3050 2688 MarS,

623 2696 731 2755 tibi
773 2716 964 2756 voveo
1007 2699 1319 2769 facturum,
1365 2698 1413 2757 si
1456 2717 1745 2775 umquam
1787 2698 2040 2772 redierit,
2089 2699 2330 2760 Bidenti
2375 2701 2574 2760 verre.'
2660 2697 2946 2757 Laberius
2988 2696 3049 2756 in

627 2778 992 2854 Paupertate,
1030 2783 1044 2809 ‘
1061 2778 1243 2838 Visus
1271 2780 1385 2838 hac
1423 2789 1607 2839 noctu
1652 2779 1926 2840 bidentes
1970 2826 1984 2840 .
2032 2827 2044 2839 .
2093 2827 2105 2839 .
2152 2792 2393 2857 propter
2428 2781 2585 2840 viam
2626 2781 2674 2838 F
2674 2781 2881 2839 acere.'
2966 2778 3046 2837 Et

622 2857 899 2935 Nigidius
930 2859 1171 2936 Figulus
1200 2859 1348 2919 dicit
1374 2860 1633 2920 bidental
1658 2861 1854 2921 vocari
1883 2863 2051 2938 quod
2079 2861 2277 2922 bimae
2304 2863 2567 2939 pecudes
2597 2861 2994 2920 immolentur.

744 2940 900 2998 Serv.
934 2942 1006 2999 A.
1035 2957 1099 2998 ιν
1124 2957 1195 3017 57
1217 2957 1347 2998 =vi
1379 2960 1456 3017 39
1484 2964 1496 2999 :
1525 2941 1776 3001 bidentes
1805 2954 2009 3002 autem
2048 2942 2244 3003 dictae
2281 2953 2422 3003 sunt
2450 2942 2618 3020 quasi
2639 2942 2866 3001 biennes
2906 2987 2919 3001 .
2966 2986 2980 3000 .
3027 2985 3041 2999 .

620 3020 772 3079 Sunt
788 3031 989 3080 autem
1012 3020 1073 3079 in
1103 3020 1316 3081 ovibus
1344 3023 1469 3081 duo
1489 3022 1912 3083 eminentiores
1933 3025 2145 3083 dentes
2164 3024 2314 3084 inter
2332 3034 2472 3084 octo
2492 3023 2741 3100 quinon
2760 3021 2872 3081 nisi
2891 3021 3047 3081 circa

621 3100 911 3193 bimatum
934 3112 1257 3179 apparent:
1300 3122 1414 3162 nec
1443 3102 1502 3162 in
1527 3104 1826 3177 omnibus,
1852 3106 1960 3164 sed
1989 3105 2051 3163 in
2081 3104 2173 3164 his
2203 3124 2358 3182 quae
2380 3117 2518 3165 sunt
2538 3116 2714 3181 aptae
2742 3102 3044 3164 sacrificiis

621 3194 1014 3242 inveniuntur.

743 3265 921 3323 From
950 3264 1102 3323 Gell.
1135 3281 1245 3322 xvl
1276 3262 1332 3322 vi
1368 3284 1457 3336 14,
1493 3264 1536 3323 it
1562 3285 1815 3343 appears
1852 3268 1979 3326 that
2016 3265 2268 3327 Servius’
2298 3278 2439 3327 note
2480 3267 2528 3326 is
2565 3268 2716 3326 from
2766 3266 3044 3344 Hyginus

618 3345 739 3403 and
784 3345 1077 3421 Nigidius,
1125 3344 1274 3403 both
1315 3346 1385 3404 of
1416 3346 1615 3406 whose
1654 3359 1826 3407 notes
1863 3368 2013 3408 were
2054 3347 2346 3426 probably
2380 3348 2443 3407 in
2472 3348 2713 3407 Verrius
2757 3348 3046 3406 Flaccus:

620 3444 720 3485 see
751 3427 905 3485 Fest.
936 3446 991 3504 p.
1026 3446 1101 3503 33
1131 3427 1253 3486 and
1283 3444 1378 3503 35.

746 3509 808 3566 P.
871 3525 903 3584 5
913 3525 964 3585 5,
1023 3508 1249 3582 tropaei
1297 3507 1791 3585 significationem
1834 3509 2133 3587 propriam
2189 3512 2379 3569 Varro
2431 3509 2707 3569 Bimarco
2763 3506 3043 3568 ostendit.

624 3588 815 3648 ‘Ideo
871 3587 949 3666 (Ρ)
1007 3589 1144 3666 suga
1187 3588 1453 3648 hostiurn
1504 3590 1733 3650 Graece
1774 3592 2104 3667 appellatur
2156 3594 2350 3667 τροπή.
2428 3590 2595 3650 Hinc
2640 3589 2831 3668 spolia
2872 3599 3048 3667 capta

620 3668 736 3728 fixa
764 3669 825 3728 in
855 3669 1154 3748 stipitibus
1180 3670 1553 3747 appellantur
1580 3673 1854 3747 tropaea.²
1936 3674 2094 3732 Serv,
2131 3674 2202 3731 A.
2237 3689 2281 3730 x
2315 3689 2447 3749 775,
2479 3680 2775 3747 tropaeum
2814 3670 3042 3730 dictum

619 3761 709 3809 est
747 3750 860 3809 ἀπὸ
899 3760 998 3810 τοῦ
1031 3755 1340 3825 τρέπεσθαι,
1373 3750 1434 3811 id
1473 3763 1562 3811 est
1595 3752 1675 3811 ab
1709 3753 1974 3812 hostium
2011 3753 2419 3825 conversione,
2460 3752 2623 3813 unde
2666 3752 2769 3829 qui
2807 3754 3043 3811 hostem

619 3831 879 3908 fugasset
908 3831 1245 3892 merebatur
1271 3840 1582 3907 tropaeum.

744 3914 808 3971 P.
862 3916 954 3989 58,
995 3914 1306 3973 testudines
1351 3925 1489 3973 sunt
1525 3914 1660 3974 loca
1697 3914 1757 3973 in
1792 3914 2081 3975 aedificiis
2119 3924 2432 3987 camerata,
2477 3916 2557 3975 ad
2595 3913 3044 3974 similitudinem

619 3993 969 4069 aquatilium
998 3993 1385 4066 testudinum,
1417 4014 1571 4071 quae
1600 3996 1763 4056 duris
1785 3996 2115 4074 tergoribus
2138 4006 2276 4055 sunt
2304 4005 2364 4054 et
2392 3995 2663 4055 incurvis.
2752 3993 3046 4073 Vergilius

621 4073 927 4135 Aeneidos
976 4076 1074 4135 lib.
1125 4093 1146 4133 1
1218 4080 1232 4106 ‘
1253 4076 1326 4134 In
1376 4075 1601 4137 foribus
1641 4077 1829 4151 divae,
1880 4077 2078 4137 media
2123 4076 2423 4137 testudine
2471 4076 2714 4153 templi.'
2796 4076 3048 4136 Sisenna

625 4155 1027 4215 Historiarum
1056 4157 1156 4216 lib.
1193 4173 1273 4228 iv,
1305 4167 1416 4215 etc.

743 4237 995 4310 Servius,
1028 4240 1099 4297 A.
1134 4255 1155 4296 1
1188 4254 1322 4314 505,
1354 4239 1650 4312 testudine,
1683 4259 1918 4300 camera
1953 4237 2212 4311 incurva,
2244 4257 2399 4315 quae
2435 4239 2771 4299 secundum
2799 4258 2904 4299 eos
2941 4236 3046 4315 qui

621 4316 982 4394 scripserunt
1002 4320 1079 4378 de
1097 4316 1325 4377 ratione
1347 4321 1724 4395 templorum,
1747 4321 1884 4381 ideo
1907 4320 1993 4379 sic
2022 4320 2089 4378 fit
2116 4331 2182 4379 ut
2204 4319 2522 4380 simulacro
2547 4319 2696 4379 caeli
2725 4319 3045 4397 imaginem

621 4398 847 4471 reddat,
880 4411 990 4460 etc.
1070 4399 1261 4459 Much
1290 4418 1456 4459 more
1484 4399 1533 4460 is
1560 4402 1764 4462 added
1807 4402 1867 4461 in
1914 4400 2177 4460 Daniel’s
2218 4401 2468 4461 Servius,
2558 4401 2699 4460 Isid.
2734 4417 2818 4459 xv
2847 4399 2948 4459 viii
2988 4402 3043 4473 8,

620 4480 728 4539 has
757 4499 792 4538 a
820 4492 964 4541 note
992 4480 1185 4541 which
1213 4478 1263 4539 is
1294 4481 1471 4540 taken
1501 4484 1656 4543 from
1685 4485 1787 4543 the
1815 4502 1980 4543 same
2010 4501 2255 4542 sources
2282 4502 2349 4542 as
2377 4484 2506 4543 that
2535 4484 2604 4542 of
2625 4482 2877 4542 Servius.
