3305 5129
630 417 1014 484 -VIRGIL
1073 418 1283 483 AND
1350 417 1514 485 HIS
1577 418 2017 484 ANCIENT
2080 418 2478 485 CRITICS.
2568 418 2798 481 xxxix

378 581 729 640 Menelaum
771 582 893 641 telo
920 580 1168 659 dissipet
1194 581 1452 641 foedera.
1541 580 1667 641 Hic
1694 601 1834 642 vero
1875 582 2021 643 dicit
2060 582 2257 660 ipsum
2299 600 2582 660 augurem
2611 581 2796 641 telum

374 673 593 740 sponte
642 661 897 735 torsisse,
941 673 1002 722 et
1044 661 1338 722 occidisse
1379 681 1568 722 unum
1606 663 1685 722 de
1723 682 1939 724 novem
1981 663 2292 724 fratribus)
2372 665 2524 723 Aen.
2567 679 2635 721 lx
2682 664 2796 737 269

376 742 594 821 (Dan.)
643 742 983 803 ‘honestius
1030 743 1172 803 fecit
1215 744 1371 802 ultro
1415 743 1627 815 offerri,
1685 763 1825 803 cum
1873 746 2179 804 Homerus
2233 744 2437 804 fecerit
2493 744 2796 803 Dolonem

374 823 629 885 Achillis
684 843 889 883 currus
941 824 1215 901 improbe
1268 825 1710 901 postulantem)
1817 827 1968 885 Aen.
2031 843 2099 884 lx
2152 827 2271 899 804
2321 829 2335 857 ‘
2357 824 2569 885 melius
2612 842 2796 902 quam

377 907 688 965 Homerus
715 906 880 965 hunc
904 906 1104 964 locum
1134 916 1417 964 executus
1445 916 1535 965 est
1558 925 1576 978 3
1618 906 1781 964 salvo
1810 905 1970 966 enim
1999 923 2178 966 sensu
2207 906 2412 966 vitavit
2439 917 2498 966 et
2525 906 2799 966 fabulosa

373 997 438 1047 et
464 985 617 1045 vilia.
704 987 863 1045 Nam
893 986 990 1046 ille
1017 985 1175 1063 ipsas
1203 985 1397 1046 minas
1422 985 1798 1062 exsequitur.²

500 1068 597 1126 To
625 1067 792 1127 these
834 1086 969 1143 may
997 1067 1073 1127 be
1099 1067 1301 1127 added
1344 1068 1446 1126 the
1473 1067 1794 1145 followimg
1819 1069 2081 1128 remarks
2109 1086 2190 1127 on
2218 1067 2451 1145 Virgil's
2479 1076 2796 1127 treatment

374 1148 448 1209 os
483 1148 761 1225 theology
801 1149 923 1207 and
965 1148 1347 1225 mythology:
1421 1148 1768 1208 Macrobius
1796 1166 1836 1205 v
1877 1148 1971 1207 xvi
2016 1151 2051 1208 8
2085 1153 2099 1180 ‘
2119 1151 2444 1208 Fortunam
2490 1150 2796 1207 Homerus

372 1227 607 1289 nescire
636 1228 858 1300 maluit,
890 1239 951 1288 et
991 1228 1102 1287 soli
1144 1228 1404 1300 decret0,
1436 1247 1616 1305 quam
1644 1233 1859 1307 μοῖραν
1886 1240 2076 1301 vocat,
2106 1229 2311 1289 omnia
2338 1229 2595 1307 regenda
2636 1247 2798 1288 com·

375 1309 575 1382 mittit,
605 1311 763 1370 adeo
802 1319 869 1369 ut
911 1310 1029 1368 hoc
1055 1309 1415 1368 vocabulum
1457 1311 1603 1389 τύχη
1631 1309 1694 1368 in
1737 1312 1901 1370 nulla
1927 1322 2093 1402 parte
2137 1309 2448 1370 Homerici
2475 1309 2797 1369 voluminis

374 1391 733 1452 nominetur.
820 1390 1049 1450 Contra
1084 1389 1378 1468 Vergilius
1421 1409 1545 1450 non
1582 1392 1779 1451 solum
1817 1392 1984 1452 novit
2024 1404 2085 1452 et
2120 1391 2409 1463 meminit,
2453 1392 2562 1451 sed
2606 1389 2797 1450 omni-

372 1472 707 1550 potentiam
735 1490 978 1549 quoque
1019 1470 1218 1531 eidem
1255 1470 1476 1543 tribuit,
1508 1490 1690 1564 quam
1717 1483 1777 1532 et
1815 1472 2156 1550 philosophi
2186 1472 2290 1549 qui
2317 1491 2451 1532 eam
2480 1471 2795 1531 nominant

374 1552 524 1612 nihil
593 1572 701 1612 sua
766 1552 825 1611 vi
892 1572 1087 1630 posse,
1144 1552 1253 1611 sed
1319 1552 1542 1613 decreti
1611 1552 1736 1613 sive
1802 1553 2210 1631 providentiae
2278 1552 2607 1612 ministram
2663 1572 2795 1613 esse

372 1634 704 1693 voluerunt.
770 1678 784 1692 .
847 1679 860 1692 .
926 1632 967 1693 .²
1025 1636 1312 1710 Aegaeon
1366 1635 1528 1710 apud
1584 1635 1925 1695 Homerum
1979 1633 2198 1694 auxilio
2253 1645 2344 1694 est
2400 1633 2569 1708 Iovi3
2632 1635 2795 1693 hunc

372 1726 582 1775 eontra
613 1716 822 1773 Iovem
862 1725 1094 1774 armant
1120 1733 1322 1773 versus
1367 1714 1711 1774 Maronis..
1879 1717 2123 1775 Nullam
2159 1714 2793 1776 commemorationem

372 1797 454 1857 de
495 1794 718 1855 iudicio
748 1794 974 1855 Paridis
1003 1797 1311 1855 Homerus
1338 1794 1614 1855 admittit.
1706 1761 1879 1856 Idem
1911 1808 2076 1856 vates
2119 1797 2532 1874 Ganymedem
2575 1815 2699 1856 non
2727 1806 2795 1855 ut

372 1876 628 1937 Iunonis
670 1875 957 1953 paelicem
997 1895 1034 1935 a
1078 1878 1225 1936 Iove
1265 1887 1517 1954 raptum,
1553 1878 1662 1936 sed
1706 1877 2020 1938 Iovialium
2062 1879 2414 1955 poculorum
2457 1877 2792 1937 ministrum

368 1957 437 2018 in
493 1959 723 2018 caelum
779 1976 816 2016 a
868 1956 962 2017 dis
1016 1955 1310 2016 adscitum
1365 1958 1594 2016 refert.
1703 1958 2057 2038 ‚Vergilius
2101 1970 2328 2019 tantam
2382 1959 2576 2030 deam,
2626 1958 2796 2034 quod

371 2038 561 2099 cuivis
607 2039 687 2099 de
731 2037 997 2098 honestis
1044 2036 1281 2098 feminis
1335 2038 1604 2098 deforme
1659 2049 1766 2111 est,
1825 2042 1987 2100 velut
2050 2039 2249 2117 specie
2302 2039 2521 2099 victam
2579 2039 2792 2099 Paride

370 2119 676 2181 iudicante
723 2119 987 2179 doluisse
1029 2131 1090 2180 et
1132 2129 1372 2197 propter
1416 2118 1700 2181 Catamiti
1745 2120 2099 2197 paelicatum
2148 2131 2336 2181 totam
2376 2131 2618 2199 gentem
2665 2119 2794 2181 eius

369 2219 615 2261 vexasse
642 2202 1110 2260 commemorat.’

502 2282 712 2342 Under
737 2280 855 2340 this
897 2280 1053 2340 head
1094 2281 1225 2339 falls
1261 2283 1362 2340 the
1403 2279 1685 2340 criticism
1728 2298 1809 2339 on
1853 2280 1956 2340 the
1982 2282 2189 2356 pemzb
2233 2282 2463 2341 Veneris
2500 2282 2792 2357 impudica

372 2364 442 2423 os
460 2365 615 2423 Aen.
648 2379 763 2421 vm
794 2379 930 2439 370,
962 2360 1153 2420 which
1182 2361 1232 2421 is
1258 2361 1501 2421 noticed
1544 2362 1694 2421 both
1738 2361 1816 2438 by
1844 2360 2080 2421 Servius
2109 2363 2274 2422 there
2302 2363 2423 2422 and
2452 2363 2530 2438 by
2561 2364 2794 2422 Macro-

372 2444 507 2504 bius
554 2461 573 2502 1
625 2443 755 2503 xxiv
808 2463 860 2516 2,
910 2444 1033 2503 and
1075 2444 1204 2502 that
1251 2461 1417 2519 upon
1462 2442 1774 2503 Pilumnus
1821 2442 1944 2501 and
1989 2441 2260 2520 Orithyia
2307 2442 2657 2503 mentioned
2715 2443 2793 2520 by

372 2524 609 2588 Servius
654 2543 735 2586 on
782 2527 931 2585 Aen.
984 2541 1079 2584 xu
1130 2526 1225 2601 83,
1289 2524 1484 2584 ‘unde
1539 2523 1725 2585 critici
1780 2524 2026 2602 culpant
2079 2524 2198 2585 hoc
2251 2525 2387 2585 loco
2443 2523 2788 2603 Vergilium,

371 2608 640 2669 dicentes
681 2607 1075 2685 incongruum
1124 2625 1256 2666 esse
1312 2605 1681 2683 figmentum.
1765 2606 2048 2682 Namque
2105 2605 2376 2683 Orithyia
2422 2624 2563 2665 cum
2610 2607 2794 2665 Athe-

372 2688 594 2748 niensis
648 2687 838 2760 fuerit,
896 2686 1019 2746 filia
1070 2685 1446 2764 Terrigenae,
1503 2697 1564 2746 et
1617 2706 1655 2745 a
1717 2688 1910 2746 Borea
1978 2686 2038 2745 in
2100 2686 2419 2747 Thraciam
2475 2697 2642 2764 rapta
2696 2686 2788 2759 sit,

372 2769 885 2845 quemadmodum
940 2767 1137 2845 potuit
1205 2768 1502 2840 Pilumno,
1559 2767 1664 2844 qui
1733 2778 1857 2827 erat
1925 2767 1986 2825 in
2059 2768 2248 2840 Italia,
2306 2786 2496 2845 equos
2565 2769 2741 2828 dare'
2762 2770 2791 2827 ?

374 2849 624 2909 Further
652 2869 737 2909 we
765 2869 900 2926 may
928 2849 1128 2909 notice
1169 2850 1271 2909 the
1309 2848 1541 2908 remark
1569 2849 1640 2908 of
1674 2847 1909 2908 Servius
1947 2867 2028 2908 on
2057 2851 2207 2909 Aen.
2239 2866 2310 2908 111
2340 2851 2438 2922 46,
2471 2849 2598 2909 that
2625 2849 2792 2910 there

371 2948 523 2990 were
567 2949 812 3007 persons
855 2930 989 2989 who
1044 2930 1285 2990 blamed
1341 2929 1527 3007 Virgil
1571 2930 1662 2988 for
1705 2928 2012 3006 inventing
2065 2931 2168 2990 the
2224 2931 2455 3007 change
2508 2930 2579 2989 of
2626 2929 2792 3007 ships

370 3010 502 3071 into
532 3012 785 3088 nymphs
814 3010 874 3069 in
903 3012 1006 3071 the
1032 3009 1208 3069 ninth
1236 3011 1417 3082 book,
1447 3013 1539 3070 for
1566 3012 1669 3071 the
1697 3022 1856 3088 story
1884 3011 1953 3069 of
1983 3011 2086 3071 the
2112 3012 2334 3089 golden
2362 3011 2567 3089 bough
2595 3009 2656 3069 in
2686 3011 2791 3071 the

368 3092 529 3153 sixth
557 3092 737 3162 book,
765 3092 887 3151 and
913 3093 1005 3151 for
1032 3093 1135 3151 the
1164 3091 1411 3151 mission
1439 3092 1510 3151 of
1545 3091 1657 3152 Iris
1691 3102 1755 3151 to
1791 3091 1955 3152 Dido
1989 3103 2049 3152 at
2078 3092 2181 3152 the
2209 3092 2329 3152 end
2357 3094 2427 3152 of
2462 3092 2564 3151 the
2591 3092 2792 3151 fourth

371 3172 553 3234 book.
639 3173 774 3232 Τιιε
815 3174 945 3232 last·
946 3172 1296 3232 mentioned
1335 3171 1633 3244 criticism,
1679 3192 1765 3232 we
1805 3172 1997 3244 knoxv,
2041 3193 2212 3233 came
2251 3174 2404 3232 from
2447 3174 2793 3246 Cornutus;

374 3252 725 3315 Macrobius
753 3270 793 3309 v
820 3253 913 3311 xix
945 3274 996 3325 2,
1032 3253 1183 3313 ‘Iris
1209 3273 1247 3314 a
1277 3255 1513 3313 Iunone
1542 3252 1723 3312 missa
1749 3253 2004 3312 abscidit
2030 3254 2086 3313 ei
2114 3253 2339 3313 crinem
2369 3265 2430 3314 et
2456 3253 2535 3313 ad
2563 3254 2791 3314 Orcum

367 3336 562 3396 refert.
651 3336 834 3393 Hanc
879 3334 1173 3412 Vergilius
1218 3354 1341 3394 non
1391 3335 1468 3394 de
1512 3333 1701 3392 nihilo
1748 3334 2012 3394 fabulam
2068 3334 2251 3412 fingit,
2300 3334 2454 3394 sicut
2507 3333 2594 3392 vir
2648 3334 2793 3393 alias

368 3415 751 3477 doctissimus
796 3415 1097 3477 Cornutus
1152 3408 1463 3487 existimat,
1509 3414 1612 3491 qui
1660 3415 2112 3475 adnotationem
2161 3414 2457 3475 eiusmodi
2511 3415 2793 3492 adposuit

369 3498 466 3557 his
493 3495 797 3570 versibus3
853 3497 1090 3556 “Unde
1119 3496 1268 3556 haec
1296 3494 1556 3568 historia,
1587 3506 1654 3555 ut
1682 3495 1859 3555 crinis
1883 3496 2242 3556 auferendus
2276 3496 2353 3556 sit
2380 3495 2790 3568 morientibuS,

367 3578 711 3657 ignoratur3
752 3579 860 3637 sed
886 3576 1156 3637 adsuevit
1184 3576 1422 3654 poetico
1465 3595 1631 3637 more
1658 3577 1886 3653 aliquid
1925 3578 2166 3654 fingere,
2198 3585 2266 3635 ut
2282 3579 2350 3636 de
2375 3596 2550 3636 aureo
2577 3577 2794 3636 ramoss'

367 3660 492 3720 Sed
521 3677 620 3718 me
644 3658 831 3735 pudet
860 3659 1026 3734 quod
1053 3668 1252 3717 tantus
1279 3657 1382 3730 vir,
1415 3659 1777 3719 Graecarum
1816 3658 1994 3718 etiam
2024 3657 2405 3718 doctissimus
2447 3657 2789 3731 litterarum,

366 3738 658 3818 ignoravit
688 3738 990 3815 Euripidis
1016 3738 1447 3799 nobilissimam
1476 3740 1739 3800 fabulam
1769 3739 2095 3812 Alcestim,
2116 3751 2227 3812 etc.
2313 3738 2549 3799 Servius
2577 3736 2792 3817 (Dan.)

366 3839 502 3897 says
532 3819 592 3879 in
620 3839 657 3879 a
683 3820 848 3879 short
877 3830 1036 3889 note,
1071 3819 1425 3896 ‘Euripides
1453 3820 1741 3881 Alcestim
1774 3820 1902 3881 Diti
1929 3832 2223 3880 sacratum
2259 3819 2539 3880 habuisse
2566 3820 2792 3880 crinem

366 3901 532 3974 dicit,
563 3901 730 3978 quod
757 3910 938 3978 poeta
970 3900 1264 3959 transtulit
1303 3902 1382 3961 ad
1413 3900 1788 3961 Didonemt'
1815 3903 1938 3962 and
1966 3920 2048 3961 on
2084 3903 2235 3961 Aen.
2270 3919 2342 3961 ιιι
2370 3904 2467 3975 46,
2502 3902 2648 3962 ‘sed
2675 3902 2794 3960 hoe

364 3993 650 4090 purgatur
678 3979 981 4059 Euripidis
1008 3982 1299 4058 exemp10‚
1330 3980 1434 4057 qui
1460 3982 1540 4042 de
1566 3981 1794 4042 Alcesti
1832 3984 1949 4042 hoc
1989 3982 2154 4055 dixit,
2184 4002 2324 4042 cum
2353 3982 2575 4043 subiret
2603 3982 2792 4041 fatum

367 4062 601 4124 mariti?
683 4062 784 4124 On
829 4064 983 4122 Aen.
1027 4078 1097 4121 lx
1138 4064 1235 4136 82,
1266 4061 1502 4122 Servius
1544 4082 1676 4140 says
1717 4066 1788 4123 of
1822 4065 1924 4123 the
1965 4066 2195 4142 change
2236 4066 2307 4123 of
2340 4064 2443 4123 the
2483 4064 2623 4123 fleet
2664 4062 2794 4122 into

366 4145 673 4223 nymphs‘
690 4145 1046 4236 figmentum
1087 4144 1205 4203 hoc
1232 4142 1370 4203 licet
1396 4143 1701 4222 poeticum
1740 4144 1832 4217 sit,
1864 4156 2082 4218 tamen,
2114 4144 2256 4223 quia
2295 4145 2572 4220 exemplo
2614 4152 2790 4215 caret,

363 4236 608 4287 notatur
646 4244 683 4285 a
723 4224 957 4284 criticis
1046 4225 1231 4285 Unde
1272 4226 1452 4303 longo
1492 4225 1805 4302 prooemio
1844 4227 2191 4286 excusatur.'
2276 4226 2350 4284 In
2399 4225 2503 4285 the
2547 4243 2795 4302 passage

360 4308 519 4369 from
549 4305 899 4367 Macrobius
943 4307 972 4366 1
1017 4306 1168 4366 have
1209 4305 1499 4366 italicized
1541 4307 1645 4366 the
1673 4308 1865 4367 words
1908 4314 1976 4365 ut
2011 4308 2081 4365 de
2118 4326 2294 4366 aureo
2321 4326 2503 4379 rame,
2535 4306 2792 4366 because

988 4474 1009 4506 ²
1044 4478 1294 4543 Compare
1317 4475 1519 4528 Servius
1542 4478 1724 4539 (Dan.)
1748 4492 1815 4527 on
1837 4478 1969 4528 Aen.
1997 4489 2036 4527 x
2060 4477 2171 4542 567.
