3305 5129
246 404 458 469 THE
506 403 943 468 ANCIENT
992 402 1808 469 COMMENTATORS
1859 403 1990 469 ΟΝ
2038 403 2397 468 VIRGIL.
2457 404 2675 467 lxxvii

373 567 440 626 P.
475 567 569 643 58,
600 567 826 624 adolere
857 576 949 626 est
977 565 1227 625 verbum
1264 565 1500 643 proprie
1543 584 1709 625 sacra
1748 565 2148 638 reddentium,
2188 567 2356 643 quod
2384 565 2677 643 significat

244 646 404 707 votis
438 649 533 707 vel
571 646 1107 724 supplicationibus
1146 666 1372 707 numen
1410 646 1644 705 auctius
1682 648 1876 707 facere
1905 669 1918 706 z
1963 658 2029 707 ut
2053 658 2145 707 est
2173 648 2233 706 in
2273 647 2466 707 isdem
2500 655 2679 705 macte

244 736 378 789 este.
467 729 548 787 Et
574 728 837 805 intellegi
858 728 1042 788 debet
1067 727 1146 787 ab
1174 747 1249 788 eo
1276 729 1444 805 quod
1465 739 1555 788 est
1582 729 1847 800 adolevit,
1868 728 1932 788 id
1960 740 2050 788 est
2076 731 2270 801 crevit,
2303 739 2362 788 et
2383 729 2671 801 adultum,

245 810 422 888 quod
447 820 538 869 est
565 817 811 882 audam,
843 819 954 869 etc.
1044 810 1384 868 Illustrated
1412 807 1492 885 by
1517 810 1652 869 four
1680 808 1977 870 instances
2004 811 2158 869 from
2187 809 2389 887 Virgil,

373 891 533 950 Serv,
567 892 637 949 A.
672 908 693 948 1
728 908 861 964 704,
891 890 1116 949 adolere
1141 890 1377 968 proprie
1401 900 1493 950 est
1520 909 1744 965 augere.

375 973 443 1032 P.
475 973 570 1042 62,
600 973 862 1031 calonum
892 990 1135 1048 quoque
1162 971 1489 1049 proprietas
1517 972 1669 1031 haec
1707 981 1813 1043 est,
1845 973 2011 1048 quod
2038 971 2199 1050 ligna
2227 971 2513 1032 militibus
2542 971 2678 1031 sub-

248 1053 624 1114 ministrent:
669 1056 821 1112 κᾶλιι
851 1053 1014 1112 enirn
1043 1052 1257 1113 Graeci
1284 1054 1449 1128 ligna
1479 1052 1705 1124 dicunt,
1737 1064 1804 1112 ut
1827 1054 2151 1125 HomeruS,
2176 1054 2264 1113 ἐπὶ
2293 1052 2353 1112 δὲ
2378 1055 2522 1119 ξύλα
2552 1054 2677 1112 κᾶλ’

244 1136 525 1195 ἐπέθεντο.

374 1215 628 1287 ServiuS,
659 1217 731 1274 A.
776 1231 797 1273 1
841 1233 937 1291 39,
966 1214 1088 1274 and
1127 1233 1292 1274 more
1334 1215 1479 1290 fully
1520 1232 1582 1272 vl
1636 1233 1685 1286 1,
1715 1215 1873 1274 calas
1913 1260 1927 1273 .
1975 1260 1988 1274 .
2036 1260 2049 1274 .
2095 1214 2380 1275 dicebant
2421 1214 2678 1274 maiores

249 1296 443 1356 nostri
468 1298 653 1356 fustes
680 1314 834 1372 quos
862 1295 1181 1373 portabant
1209 1295 1361 1355 servi
1388 1306 1708 1372 sequentes
1737 1295 2018 1356 dominos
2045 1296 2124 1355 ad
2152 1296 2444 1374 proelium
2472 1317 2484 1355 ε
2513 1297 2677 1356 unde

249 1377 436 1439 etiam
462 1380 682 1437 calones
707 1376 1075 1437 dicebantur.
1163 1377 1323 1435 Nam
1352 1377 1730 1437 consuetudo
1767 1389 1891 1437 erat
1934 1377 2136 1437 militis
2165 1377 2428 1438 Romani
2455 1387 2522 1437 ut
2549 1377 2678 1454 ipse

249 1458 367 1518 sibi
423 1477 588 1518 arma
642 1468 903 1536 portaret
956 1467 1017 1517 et
1068 1460 1290 1518 vallum
1317 1481 1330 1517 ε
1393 1459 1614 1517 vallum
1670 1469 1871 1518 autem
1923 1458 2208 1518 dicebant
2260 1459 2465 1531 calam,
2523 1458 2678 1518 sicut

254 1538 523 1599 Lucilius
556 1544 570 1571 ‘
588 1540 809 1600 Scinde
837 1540 1028 1599 calam
1057 1549 1124 1599 ut
1151 1540 1382 1599 caleas!

375 1623 442 1679 P.
469 1624 563 1693 66,
585 1640 824 1680 manum
853 1620 1071 1679 dicitur
1100 1622 1343 1692 clarum,
1367 1631 1478 1680 etc.
1539 1620 1841 1698 Compare
1867 1622 2166 1699 generally
2186 1623 2345 1681 Serv.
2378 1623 2450 1679 A.
2486 1637 2505 1678 1
2542 1640 2567 1678 1
2586 1640 2673 1691 10,

260 1722 413 1778 139:
458 1719 503 1761 11
555 1704 670 1760 268
694 1724 707 1760 :
750 1703 825 1761 G.
872 1717 894 1760 1
936 1718 1073 1778 437.
1160 1702 1360 1760 These
1394 1712 1567 1762 notes
1613 1721 1748 1778 may
1788 1702 1864 1761 be
1913 1702 2103 1762 either
2138 1703 2566 1779 independent,
2611 1720 2680 1761 or

252 1785 409 1842 have
435 1783 744 1861 originally
769 1782 1137 1843 constituted
1165 1792 1325 1860 parts
1353 1784 1424 1841 of
1445 1783 1548 1842 the
1575 1801 1742 1843 same
1770 1793 1929 1843 note.

1175 1980 1436 2037 NONIUS,
1481 1980 1651 2054 3091<
1694 1981 1758 2024 11.

379 2097 442 2155 P.
480 2112 572 2172 79,
602 2096 865 2170 bipennis
893 2094 1274 2154 manifestum
1303 2104 1394 2154 est
1421 2095 1542 2153 dici
1561 2097 1718 2171 quod
1737 2115 1810 2153 ex
1837 2103 2084 2171 utraque
2102 2105 2280 2173 parte
2302 2097 2383 2155 sit
2405 2103 2638 2156 acutum
2659 2121 2679 2158 .-

192 2200 199 2207 ·
251 2196 398 2237 nam
441 2176 716 2237 nonnulli
752 2176 1291 2254 gubernaculorum
1334 2187 1528 2253 partes
1570 2175 1870 2236 tenuiores
1912 2177 1991 2236 ad
2030 2178 2185 2237 hanc
2226 2177 2678 2239 similitudinem

240 2261 473 2336 pinnas
500 2270 717 2317 vocant
741 2261 1055 2335 eleganter.
1132 2258 1308 2316 Then
1338 2258 1536 2316 follow
1564 2256 1731 2317 three
1758 2257 2103 2334 quotations
2130 2259 2285 2319 from
2308 2262 2514 2319 Varro.

380 2338 622 2399 Scholia
642 2341 863 2398 Veron.
884 2341 957 2397 A.
992 2355 1037 2397 11
1068 2355 1205 2414 479,
1231 2346 1489 2415 correpta
1518 2339 1671 2397 dura
1698 2339 2018 2414 bipenni..
2058 2350 2345 2399 .acutum
2375 2352 2680 2413 vocarunt,

255 2422 420 2481 unde
448 2431 509 2480 et
540 2419 815 2497 bipennis
844 2419 1060 2480 dicitur
1086 2439 1160 2478 ex
1188 2427 1438 2496 utraque
1453 2427 1633 2496 parte
1655 2427 1843 2479 acuta.

381 2501 636 2574 ServiuS,
670 2503 745 2560 A.
777 2518 845 2559 xt
891 2504 1002 2578 651
1053 2499 1284 2580 (Dan.),
1315 2502 1576 2593 bipennis
1609 2512 1811 2560 autem
1855 2500 2071 2560 dicitur
2103 2502 2271 2579 quod
2312 2521 2384 2561 ex
2432 2512 2682 2580 utraque

257 2594 425 2662 parte
452 2583 637 2643 habet
661 2583 871 2654 aciem,
903 2583 1073 2659 quasi
1103 2584 1251 2642 duas
1278 2583 1494 2661 pinnas
1522 2602 1671 2659 quas
1701 2593 1927 2643 veteres
1955 2583 2254 2643 dicebant.

383 2667 446 2723 P.
487 2684 617 2740 103,
648 2666 1011 2723 errabundus
1035 2683 1145 2741 pro
1171 2682 1396 2723 errans.
1482 2664 1778 2742 Vergilius
1807 2662 1980 2742 (Buc.
2013 2682 2076 2722 vr
2110 2663 2281 2742 57),‘
2298 2664 2347 2724 si
2382 2684 2503 2741 qua
2530 2666 2683 2725 sorte

256 2747 448 2806 ferant
476 2745 665 2805 oculis
693 2764 824 2805 sese
852 2745 1031 2805 obvia
1050 2745 1267 2806 nostris
1296 2745 1649 2805 Errabunda
1682 2745 1849 2804 bovis
1878 2745 2159 2823 vestigia!
2242 2746 2473 2806 Gellius
2502 2764 2568 2805 xl
2607 2764 2673 2823 15

259 2846 391 2903 says
433 2828 564 2886 that
605 2826 722 2886 this
764 2846 880 2886 was
915 2846 953 2886 a
994 2826 1246 2886 mistake
1284 2828 1353 2886 of
1391 2826 1719 2888 Caesellius
1761 2826 1998 2886 Vindex
2038 2826 2256 2904 (under
2297 2829 2534 2904 Trajan,
2574 2831 2679 2904 96-

260 2907 476 3068 (¹132)
511 2908 650 3049 ‘5¹¹3
687 2919 828 2968 ΜΕ
867 2917 1227 3047 ἶέἓᾼῑἛιιῗ
1274 2907 2095 3048 ἓὲἔὲῗῐῖιῖᾶιὶῖἔίαἱῖὶῗ
2110 2908 2407 3049 ιὶῗὲἓέῗγ
2424 2910 2681 3051 ἒὶῗὲῗὲῗ

264 3075 278 3101 ‘
299 3071 506 3131 omnia
532 3070 903 3130 ludibundus
931 3033 1294 3130 conficien's)
1377 3034 1592 3147 Com'p.
1626 3069 1856 3130 Gellius
1884 3071 1920 3127 l.
1952 3089 2002 3129 c.
2035 3071 2202 3147 quod
2229 3070 2390 3130 idem
2421 3036 2683 3150 (Caesel1

261 3151 400 3231 lius)
430 3171 561 3211 esse
588 3150 881 3229 putaverit
908 3153 1109 3210 ludens
1135 3160 1196 3210 et
1222 3151 1567 3223 ludibunda,
1596 3151 1797 3209 ridens
1821 3160 1882 3210 et
1911 3151 2244 3211 n'ch'bunda.

162 3225 187 3254 ⁸
383 3236 450 3292 P.
504 3236 633 3305 106,
677 3233 919 3309 equitem
963 3252 1072 3310 pro
1112 3251 1287 3309 equo.
1394 3231 1690 3310 Vergilius
1733 3231 2163 3309 Georgicorum
2199 3231 2299 3292 lib.
2347 3249 2420 3291 111
2468 3237 2680 3309 ‘atque

260 3315 526 3392 equitem
555 3315 814 3374 docuere
842 3313 956 3372 sub
975 3312 1154 3372 armis
1185 3314 1479 3373 Insultare
1506 3314 1638 3373 solo
1665 3324 1726 3373 et
1745 3332 1978 3390 gressus
1998 3315 2326 3390 glomerare
2353 3314 2682 3390 superbos!

264 3396 497 3455 Ennius
538 3395 866 3454 Annalium
908 3393 1010 3454 lib.
1053 3411 1142 3452 vu
1190 3398 1302 3452 ‘an
1337 3413 1462 3455 non
1500 3394 1920 3471 quadrupedes
1962 3394 2229 3471 equiteS.²
2332 3395 2596 3454 Lucilius
2630 3395 2680 3453 is

261 3478 404 3536 then
434 3477 663 3552 quoted
691 3495 772 3536 on
809 3476 910 3535 the
937 3476 1101 3535 word
1129 3477 1401 3551 equitare.
1490 3476 1642 3535 Gell.
1675 3492 1836 3533 xvm
1866 3495 1903 3534 v
1932 3496 1972 3548 4
1999 3486 2214 3553 quotes
2256 3477 2409 3536 from
2448 3475 2684 3535 Ennius

263 3562 279 3590 ‘
296 3557 561 3634 denique
588 3558 646 3616 vi
676 3576 890 3634 magna
916 3557 1258 3634 quadrupes
1278 3575 1464 3632 eques
1490 3567 1672 3633 atque
1700 3556 2002 3632 elephanti
2033 3556 2337 3616 Proiciunt
2365 3559 2531 3628 sese‚'
2560 3558 2683 3617 and

262 3649 479 3717 quotes
516 3638 578 3697 in
608 3638 960 3698 illustration
990 3638 1092 3697 the
1121 3656 1367 3715 passage
1408 3637 1470 3696 in
1515 3638 1617 3698 the
1645 3637 1805 3697 third
1834 3637 2107 3714 Georgic,
2138 3639 2261 3698 and
2288 3638 2415 3697 also
2457 3639 2585 3697 that
2619 3637 2681 3697 in

261 3719 545 3780 Lucilius.

383 3800 780 3878 Philargyrius
810 3803 882 3862 G.
916 3818 987 3859 111
1026 3803 1137 3859 116
1165 3822 1178 3859 :
1221 3799 1320 3860 hic
1345 3801 1583 3876 equitem
1613 3798 1743 3859 sine
1785 3799 1973 3859 dubio
1996 3819 2202 3876 equum
2232 3798 2394 3872 dicit,
2427 3799 2686 3861 maxime

261 3902 402 3943 cum
441 3881 653 3942 inferat
693 3884 980 3942 insultare
1013 3883 1143 3942 sole.
1249 3881 1481 3940 Ennius
1522 3882 1849 3940 Annalium
1893 3897 1983 3939 vu
2030 3884 2045 3912 ‘
2067 3880 2328 3957 denique
2367 3880 2424 3940 vi
2467 3900 2682 3959 magna

260 3964 604 4041 quadrupes
632 3982 816 4040 eques
843 3974 1024 4040 atque
1065 3962 1367 4040 elephanti
1398 3961 1704 4022 Proiciunt
1731 3964 1895 4022 sese‚'
1978 3961 2214 4022 Servius
2242 3963 2350 4021 has
2378 3962 2481 4022 the
2518 3981 2684 4023 same

259 4057 405 4106 note
433 4044 497 4104 in
524 4064 604 4103 an
631 4045 920 4123 abridged
949 4046 1117 4105 form.

384 4125 615 4187 Gellius
639 4145 771 4203 says
801 4127 869 4186 of
899 4126 1018 4185 this
1046 4125 1190 4185 view
1220 4123 1406 4204 (xvm
1436 4145 1473 4184 v
1509 4123 1626 4202 12),
1662 4125 1802 4184 ‘sed
1831 4125 2042 4185 eadem
2083 4124 2210 4202 ipsa
2230 4135 2367 4201 post
2394 4124 2574 4184 etiam
2619 4124 2679 4184 in

260 4208 619 4286 pervulgatis
646 4207 1090 4268 commentariis
1118 4206 1335 4284 scripta
1363 4206 1761 4267 offendimus.²
1846 4209 1966 4266 Are
1994 4207 2161 4265 these
2183 4206 2525 4281 pervulgati
2543 4225 2682 4266 com-

260 4290 544 4349 mentam
564 4288 1022 4349 commentaries
1065 4307 1146 4348 on
1175 4287 1379 4365 Virgil,
1412 4307 1480 4347 or
1506 4286 1773 4347 treatises
1802 4307 1882 4348 on
1925 4288 2028 4347 the
2055 4306 2163 4346 use
2191 4288 2261 4346 of
2281 4289 2473 4347 words
2494 4289 2521 4345 Ρ
2606 4288 2679 4346 In

258 4371 450 4432 either
475 4388 614 4430 case
641 4371 759 4430 this
786 4370 1122 4430 discussion
1144 4388 1223 4428 on
1247 4371 1349 4428 the
1377 4370 1538 4429 word
1555 4388 1717 4444 eques
1738 4380 1897 4428 must
1917 4370 2068 4428 have
2091 4368 2245 4428 been
2267 4367 2684 4446 considerably

261 4454 431 4514 older
460 4452 603 4512 than
634 4453 737 4512 the
767 4451 910 4513 time
939 4452 1008 4512 of
1029 4450 1276 4512 Gellius
