3305 5129
552 438 894 503 VIRGIL
957 439 1166 503 AND
1230 438 1392 504 HIS
1458 435 1897 502 ANCIENT
1958 433 2355 502 CRITICS.
2566 430 2664 495 xli

234 605 441 662 odium
488 604 709 662 crudele
761 605 1008 677 tyranni
1056 603 1115 661 Α
1121 611 1188 661 ut
1236 611 1417 662 metus
1470 623 1601 662 acer
1648 604 1820 661 erat?
1914 600 1974 661 Si
2031 603 2186 660 ultro
2235 609 2658 668 convenerunt,

236 685 558 760 quomodo
617 686 719 743 vix
772 704 836 744 se
891 684 1036 744 dicit
1092 686 1403 743 revellisse'
1423 688 1450 741 7
1542 685 1758 759 Comp.
1817 685 1967 742 Aen.
2023 700 2042 740 1
2092 685 2225 757 361,
2277 679 2663 739 ‘metuebant

234 765 541 837 laedendi,
573 766 689 826 hoc
718 777 807 825 est
834 766 939 842 qui
965 766 1258 825 timebant
1294 786 1372 826 ne
1412 767 1820 836 laederentur;
1862 764 2024 823 unde
2052 774 2142 823 est
2183 761 2373 820 illud
2359 781 2421 819 ιη
2450 770 2662 837 quarto

233 854 292 905 et
318 866 462 922 quos
489 847 735 906 Sidonia
762 849 864 906 vix
892 848 1029 905 urbe
1054 849 1262 920 revelli,
1296 847 1437 923 quia
1474 865 1596 905 non
1634 847 1957 917 voluntate,
1988 845 2096 904 sed
2130 843 2273 903 odio
2308 853 2412 902 aut
2448 841 2661 901 timore

237 929 685 987 convenerant!

372 1026 435 1066 ιν
466 1010 601 1082 674,
634 1009 959 1066 morientem
1003 1028 1229 1067 nomme
1267 1010 1498 1068 clamat.
1586 1012 1601 1039 ‘
1627 1006 1806 1066 Multi
1849 1016 2142 1082 quaerunt
2177 1005 2490 1082 quomodo
2534 1021 2664 1080 pro-

239 1091 424 1149 cedat
453 1091 586 1163 hoc,
618 1109 756 1149 cum
785 1089 911 1149 eius
940 1109 1163 1149 nomen
1192 1108 1488 1165 nusquam
1517 1089 1834 1165 sequatur)

372 1188 411 1227 v
439 1190 577 1243 410,
626 1171 861 1245 ‘Quare
887 1172 1025 1229 haec
1048 1190 1364 1246 germanus
1406 1172 1583 1245 Eryx
1622 1170 1914 1245 quondam
1955 1175 2092 1226 tuus
2132 1186 2305 1225 arma
2327 1168 2572 1241 ferebat,
2613 1163 2662 1223 si

240 1250 342 1310 isti
393 1263 533 1311 sunt
586 1263 819 1312 caestus
872 1252 1092 1328 quibus
1145 1264 1354 1311 contra
1402 1253 1731 1311 Herculem
1787 1248 2091 1309 dimicavit
2115 1250 2142 1306 Ρ
2237 1247 2509 1318 Solvitur,
2567 1244 2665 1306 isti

238 1332 491 1409 quidem
535 1344 675 1392 sunt
717 1343 949 1393 caestus
991 1332 1211 1408 quibus
1254 1334 1410 1409 Eryx
1451 1331 1771 1402 dimicavit,
1809 1331 1917 1390 sed
1958 1330 2006 1389 si
2050 1328 2183 1405 quis
2224 1329 2380 1388 illius
2421 1292 2665 1387 vidisset

238 1425 497 1485 caestus,
556 1413 620 1474 id
667 1426 756 1473 est
814 1415 1110 1486 HerculiS,
1168 1414 1388 1490 quibus
1456 1423 1664 1472 contra
1721 1414 1969 1489 Erycem
2028 1410 2177 1470 tristi
2245 1407 2665 1487 congressione

240 1494 568 1572 pugnavit)

376 1576 553 1651 Quod
571 1577 795 1651 siquis,
827 1588 937 1635 etc.
1028 1577 1262 1651 ‘Quare
1291 1576 1441 1635 duas
1484 1594 1575 1635 res
1617 1593 1727 1652 pro
1765 1593 1888 1633 uno
1931 1572 2145 1650 posuit,
2177 1591 2316 1631 cum
2359 1571 2665 1631 debuisset

239 1656 446 1716 dicere
466 1668 569 1715 aut
586 1668 819 1716 caestus
839 1669 943 1716 aut
963 1676 1127 1716 arma
1144 1659 1171 1715 Ρ
1240 1657 1498 1716 Solvitur
1515 1655 1636 1729 sic3
1679 1664 1891 1714 caestus
1912 1665 2052 1714 sunt
2072 1653 2292 1729 quibus
2314 1653 2661 1723 caeduntur,

240 1756 436 1809 ama,
469 1737 673 1797 omnia
702 1737 799 1796 illa
826 1748 1134 1797 caestuum
1162 1737 1382 1814 quibus
1411 1736 1690 1797 bracchia
1717 1735 2135 1796 innectuntur?

368 1836 409 1874 v
464 1838 601 1895 493,
665 1820 1013 1910 ‘quomodo
1085 1819 1456 1890 MnestheuS,
1513 1837 1651 1877 cum
1719 1818 2054 1879 Cloanthus
2109 1816 2298 1876 victor
2366 1813 2619 1874 extiterit
2639 1815 2666 1871 Ρ

238 1898 520 1971 Solvitur,
551 1900 659 1959 sed
686 1899 873 1959 victor
916 1900 1270 1960 Mnestheus
1298 1898 1528 1972 virtute,
1560 1899 1664 1976 qui
1707 1899 1785 1958 de
1826 1897 2038 1958 ultimo
2066 1898 2145 1957 ad
2183 1896 2421 1957 tertium
2463 1897 2663 1955 locum

237 1979 444 2050 venit,'
472 1990 583 2039 ete.

369 2078 408 2117 v
438 2077 573 2136 517,
610 2064 625 2090 ‘
648 2063 803 2120 Sane
832 2060 1143 2120 sciendum
1188 2062 1350 2120 hunc
1391 2072 1586 2121 totum
1629 2063 1833 2120 locum
1876 2060 1954 2120 ab
1985 2061 2260 2119 Homero
2288 2077 2419 2119 esse
2461 2076 2661 2133 sump-

236 2154 390 2201 tum.
508 2142 691 2202 Unde
745 2141 938 2201 inanis
994 2153 1083 2200 est
1136 2141 1489 2219 vituperatio
1545 2145 1789 2202 Aeneae
1843 2142 2011 2217 quod
2066 2139 2441 2218 suspenderit
2492 2156 2664 2198 avem

239 2225 612 2282 maternam?

366 2320 407 2358 v
438 2320 573 2396 5².¹’
611 2308 624 2334 ‘
646 2303 865 2379 Culpat
894 2304 955 2362 in
985 2304 1102 2362 hoc
1130 2305 1266 2363 loco
1275 2303 1615 2396 Vergilium
1638 2301 2157 2380 Vergiliomastix,
2143 2323 2156 2336 ·
2196 2313 2384 2362 artem
2412 2300 2573 2360 enim
2604 2299 2664 2357 in

237 2402 437 2443 vacuo
464 2387 599 2443 acre
626 2385 941 2444 ostendere
970 2404 1093 2443 non
1121 2386 1331 2461 potuit.
1338 2387 1352 2415 ²

368 2482 408 2521 v
439 2468 573 2523 626.
623 2465 1122 2525 Inconsistencies
1164 2465 1226 2524 in
1269 2467 1371 2525 the
1412 2466 1779 2543 chronology
1818 2484 1919 2524 are
1959 2463 2208 2541 pointed
2250 2473 2372 2533 out,
2401 2462 2522 2521 and
2564 2462 2667 2520 the

239 2557 682 2607 commentator
712 2546 1035 2606 remarks‘
1055 2566 1196 2623 ergo
1238 2557 1473 2607 constat
1517 2548 1673 2606 hanc
1717 2544 2132 2623 quaestionem
2179 2563 2364 2603 unam
2414 2561 2543 2603 esse
2589 2542 2666 2602 de

241 2627 682 2700 insolubilibus,
713 2646 861 2703 quas
892 2647 1015 2687 non
1044 2628 1297 2688 dubium
1327 2639 1416 2688 est
1444 2628 1901 2688 emendaturum
1929 2627 2111 2686 fuisse
2137 2625 2501 2703 Vergilium!

369 2725 431 2766 vr
463 2710 598 2780 661,
635 2709 837 2784 ‘quasi
865 2708 1000 2800 quis
1026 2721 1224 2768 castus
1252 2728 1383 2768 esse
1410 2708 1598 2801 possit
1625 2719 1762 2785 post
1805 2719 2075 2767 mortem.
2161 2707 2281 2767 Sed
2308 2706 2471 2766 aliud
2500 2703 2662 2776 dicit,

243 2792 285 2848 i.
288 2809 331 2847 e.
362 2788 464 2865 qui
495 2790 732 2849 fuerunt
759 2789 906 2848 casti
934 2789 1124 2849 dum
1110 2810 1170 2848 in
1201 2790 1627 2849 communione
1656 2789 1811 2849 vitae
1838 2790 2244 2848 versarentur.²

369 2887 456 2928 vn
498 2873 631 2941 268,
674 2872 862 2930 ‘male
892 2870 1062 2929 multi
1088 2882 1342 2949 arguunt
1370 2870 1714 2950 Vergilium,
1740 2871 1906 2946 quod
1936 2869 2216 2929 Latinum
2244 2831 2476 2928 induxit
2513 2869 2667 2926 ultro

242 2949 428 3009 filiam
469 2951 868 3028 pollicentem,
915 2971 1028 3011 nec
1069 2954 1372 3012 oraculum
1413 2951 1875 3021 consideranteS,
1907 2949 2048 3026 quia
2083 2951 2237 3010 Italo
2274 2948 2511 3026 penitus
2539 2946 2666 3008 dari

241 3050 367 3092 non
398 3042 643 3108 poterat,
674 3052 786 3091 nec
816 3035 1059 3092 Aeneae
1086 3033 1379 3104 meritum,
1410 3051 1591 3108 quem
1620 3032 1861 3091 dicebat
1887 3031 2114 3123 rogari?

367 3130 455 3171 vu
490 3129 623 3190 519,
679 3117 910 3189 ‘quare,
963 3133 1101 3172 cum
1151 3113 1213 3173 di
1262 3112 1431 3173 inferi
1480 3113 1860 3185 inducuntur,
1907 3111 2136 3189 signam
2185 3109 2406 3171 bucina
2446 3111 2619 3168 datur
2639 3110 2667 3167 Ρ

243 3193 517 3266 Solvitur,
569 3192 710 3270 quia
753 3194 973 3254 bucina
1017 3214 1089 3254 ex
1137 3214 1322 3254 cornu
1373 3214 1584 3271 caprae
1632 3194 1752 3266 fiat,
1805 3205 1865 3253 et
1892 3193 2059 3269 quod
2108 3192 2184 3251 sit
2227 3191 2462 3269 proprie
2509 3189 2666 3249 Ditis

238 3274 472 3334 hostia!

367 3372 480 3413 vm
514 3375 606 3431 23,
641 3360 896 3433 ‘negant
924 3375 1135 3415 omnes
1165 3354 1401 3432 Physici
1428 3357 1632 3416 lumen
1671 3357 1849 3415 lunae
1885 3354 2048 3414 aliud
2076 3374 2150 3414 ex
2186 3373 2250 3413 se
2278 3353 2567 3424 reddere;
2608 3360 2668 3410 et

242 3436 605 3513 vituperatur
647 3438 765 3497 hoc
810 3437 974 3496 dicto
1023 3435 1333 3514 VergiliuS,
1381 3438 1547 3512 quod
1593 3448 1794 3496 tamen
1840 3435 2147 3495 tolerabile
2195 3445 2301 3506 est,
2353 3432 2493 3510 quia
2541 3451 2665 3491 non

244 3520 464 3589 lunam,
496 3518 603 3577 sed
645 3517 964 3595 imaginem
1007 3517 1153 3577 dixit
1194 3519 1388 3589 lunae,
1419 3536 1601 3594 quam
1629 3537 1667 3577 a
1703 3519 1829 3576 sole
1867 3519 2069 3576 lumen
2098 3515 2367 3592 accipere
2394 3512 2668 3573 manifes-

244 3612 373 3658 tum
402 3601 525 3658 est?

368 3695 478 3737 vm
513 3700 646 3755 291,
693 3685 871 3739 ‘sane
904 3678 1091 3739 critici
1132 3680 1342 3739 frustra
1378 3681 1620 3756 culpant
1657 3677 2004 3755 Vergilium,
2048 3677 2214 3753 quod
2255 3674 2664 3753 praesentibus

243 3759 518 3820 Troianis
544 3759 762 3820 Troiae
798 3760 1023 3820 laudari
1062 3759 1387 3820 introduxit
1429 3759 1745 3831 excidium,
1787 3778 1912 3818 non
1948 3758 2330 3835 respicientes
2362 3756 2505 3834 quia
2545 3757 2664 3815 hoc

243 3841 394 3912 ratio
422 3841 561 3901 fecit
589 3843 963 3918 hymnorum,
993 3841 1212 3918 quibus
1241 3840 1466 3917 aliquid
1494 3841 1839 3901 subtrahere
1868 3838 2236 3916 sacrilegium
2268 3840 2393 3897 est!

368 3940 479 3981 vlu
523 3926 642 3999 498
687 3920 917 4000 (Dan.),
967 3922 1359 3999 ‘quibusdam
1403 3941 1545 3981 sane
1587 3921 1863 3998 displicet
1899 3921 2068 3997 quod
2110 3918 2394 3996 aruspicis
2441 3937 2662 3978 namen

245 4022 369 4063 non
395 4003 729 4064 addiderit.²

368 4100 435 4142 ιχ
468 4101 560 4162 75,
596 4089 610 4115 ‘
632 4084 931 4160 quaeritur
966 4081 1114 4160 quid
1158 4082 1243 4143 ibi
1269 4082 1489 4142 faciant
1516 4082 1650 4142 foci.
1734 4083 1857 4142 Sed
1884 4082 1946 4140 in
1974 4082 2336 4142 carminibus
2364 4081 2660 4156 quaedam

246 4184 355 4224 nec
393 4165 473 4224 ad
515 4165 901 4225 subtilitatem
943 4183 1055 4223 nec
1094 4165 1175 4224 ad
1214 4164 1521 4224 veritatem
1561 4163 1852 4241 exigenda
1893 4175 2049 4223 sunt.
2134 4164 2258 4221 Aut
2294 4172 2454 4222 certe
2494 4163 2661 4220 focos

244 4264 395 4323 quos
424 4244 507 4305 ibi
535 4246 755 4306 habere
782 4247 1139 4323 potuerunt?

365 4344 435 4386 rx
465 4329 600 4418 367.
646 4326 885 4386 Scholia
911 4325 1315 4385 Veronensia·
1300 4371 1317 4398 ,
1361 4329 1375 4356 ‘
1394 4326 1511 4385 hoc
1539 4327 1676 4385 loco
1703 4326 1996 4385 adnotant
2025 4326 2256 4384 Probus
2277 4334 2337 4383 et
2364 4320 2661 4400 Sulpicius

244 4408 602 4467 contrarium
631 4406 714 4465 illi
742 4426 871 4466 esse
900 4406 1016 4483 (vn
1062 4405 1208 4485 600)
1234 4407 1449 4482 saepsit
1472 4425 1530 4465 se
1561 4406 1732 4478 tectis,
1763 4425 2066 4483 rerumque
2100 4405 2339 4481 reliquit
2373 4403 2661 4463 habenas!

244 4488 510 4550 Servius:
558 4493 720 4547 ‘non
748 4499 837 4547 est
864 4487 1223 4547 contrarium
1251 4487 1334 4546 illi
1361 4489 1516 4561 loco,
1544 4487 1773 4564 saepsit,
1802 4489 1936 4547 etc!
