3305 5129
564 430 760 496 lxxiv
820 433 1024 497 THE
1082 432 1520 499 ANCIENT
1577 433 2395 500 COMMENTATORS
2452 433 2583 499 ΟΝ
2635 433 2997 499 VIRGIL.

563 594 707 654 trios
756 613 933 653 navos
976 594 1249 655 dicimus
1334 595 1485 653 This
1541 594 1591 654 is
1646 614 1728 654 on
1785 596 1888 654 the
1945 615 2109 654 same
2164 595 2285 655 line
2333 615 2398 655 as
2453 596 2582 654 that
2637 596 2865 672 quoted
2921 594 3001 671 by

565 674 871 747 Noniu5,‘
890 676 1168 753 ignavum
1198 678 1368 735 fucos
1398 696 1582 754 pecus
1609 696 1646 734 a
1674 676 2060 754 praesepibus
2087 678 2327 736 arcent!

686 758 749 815 P.
784 774 879 833 35,
907 759 1130 833 angina
1157 777 1345 835 genus
1374 757 1584 829 morbi,
1616 777 1692 817 eo
1720 759 1886 835 quod
1927 768 2121 835 angat,
2154 770 2214 817 et
2242 759 2471 818 Graece
2499 762 2772 851 cvvflyxn
2800 759 2998 835 appel·

563 839 731 897 latur.
822 838 1085 898 Lucilius
1133 840 1233 898 lib.
1294 856 1431 896 xxx
1481 839 1815 916 ‘insperato
1857 839 2020 911 abiit,
2080 858 2262 915 quem
2319 858 2441 898 una
2487 839 2705 917 angina
2761 839 2998 898 sustulit

568 920 751 978 hora)

688 999 940 1071 ServiuS,
974 1001 1049 1059 G.
1082 1018 1152 1059 111
1182 1018 1319 1093 497,
1353 1003 1523 1076 angit
1545 1011 1749 1060 autem
1791 1001 1945 1061 bene
1983 1001 2081 1059 ait.
2170 1002 2328 1060 Nam
2359 1003 2585 1075 angina
2613 1001 2829 1060 dicitur
2866 1020 2999 1078 por

568 1099 777 1140 corum
821 1081 1065 1141 morbus
1106 1082 1211 1158 qui
1261 1093 1516 1159 occupat
1557 1084 1776 1142 fauces,
1864 1083 2127 1154 PlautuS,
2171 1087 2186 1114 ‘
2206 1084 2441 1142 Vellem
2482 1102 2578 1141 me
2615 1083 2675 1141 in
2719 1083 2997 1160 anginam

567 1162 730 1235 verti,
764 1173 828 1221 ut
857 1163 998 1222 huic
1024 1163 1295 1223 aniculae
1323 1165 1524 1224 fauces
1553 1164 2091 1241 praeoccuparem.²

689 1209 881 1318 (Paul.
914 1263 970 1321 p.
1005 1246 1058 1316 8,
1092 1264 1135 1304 3.
1168 1264 1222 1303 v.
1253 1263 1452 1321 angvr,
1486 1246 1593 1303 has
1622 1246 1725 1303 the
1754 1264 1918 1303 same
1946 1244 2260 1320 quotation
2290 1245 2443 1304 from
2474 1243 2767 1317 Plautus.)

690 1326 754 1383 P.
788 1341 883 1401 37,
912 1325 1105 1384 sniulo
1120 1325 1413 1403 significat
1433 1326 1562 1386 sine
1590 1327 1751 1385 dolo,
1841 1326 2106 1385 Lucilius
2134 1325 2234 1384 lib.
2268 1342 2450 1385 xxvu
2496 1372 2507 1384 .
2557 1372 2569 1384 .
2618 1370 2631 1384 .
2678 1335 2996 1401 totumque

567 1405 685 1465 hoc
740 1405 1007 1466 studiose
1061 1417 1121 1466 et
1176 1408 1403 1466 sedu10.
1507 1407 1761 1479 Servius,
1819 1409 1894 1465 A.
1951 1424 1997 1465 11
2057 1423 2176 1483 374
2233 1406 2464 1484 (Dan.),
2525 1406 2825 1467 mentions
2882 1405 3000 1464 this

568 1488 927 1564 etymology.

691 1569 755 1626 P.
788 1588 884 1641 42,
904 1570 1345 1644 pecuniosorum
1375 1579 1435 1628 et
1462 1569 1798 1644 locupletum
1826 1568 2247 1645 proprietatem
2277 1568 2506 1645 aperuit
2538 1570 2623 1627 M.
2657 1567 2892 1627 Tullius
2922 1567 3000 1627 de

570 1649 909 1726 Republica
950 1649 1050 1708 lib.
1098 1667 1162 1721 11,
1208 1669 1244 1708 a
1298 1669 1515 1728 pecore
1569 1650 1946 1727 pecuniOSOS,
1993 1660 2052 1709 et
2107 1669 2143 1708 a
2197 1649 2678 1726 possessionibus
2728 1651 2999 1709 locorum

568 1731 898 1807 locupletes
939 1732 1269 1808 appellatos
1310 1732 1630 1790 adserens:
1695 1736 1709 1762 ‘
1735 1733 2087 1807 Multaeque
2135 1730 2399 1790 dictione
2442 1731 2644 1789 ovium
2688 1742 2748 1790 et
2790 1730 2996 1802 bourn,

570 1812 738 1888 quod
794 1820 939 1870 tunc
993 1831 1087 1871 res
1141 1823 1267 1871 erat
1314 1813 1375 1870 in
1446 1831 1664 1888 pecore
1719 1824 1780 1871 et
1833 1814 2103 1871 locorum
2159 1811 2678 1888 possessionibus:
2749 1831 2821 1870 ex
2876 1830 3002 1887 quo

569 1890 881 1971 pecuniosi
908 1904 968 1952 et
996 1894 1323 1969 locupletes
1352 1894 1755 1953 vocabantur.'
1836 1893 2052 1970 Comp.
2084 1893 2321 1952 Servius
2348 1913 2429 1952 on
2460 1894 2530 1952 E.
2565 1910 2584 1951 1
2617 1912 2710 1968 33.

692 1975 758 2031 P.
790 1994 887 2046 44,
906 1974 1181 2050 prodigia
1224 1985 1361 2033 sunt
1391 1984 1575 2051 porro
1613 1975 1912 2051 adigenda.
2001 1976 2246 2034 Plautus
2275 1974 2716 2052 Amphitruone
2760 2019 2771 2031 .
2821 2018 2833 2030 .
2882 2019 2895 2031 .
2943 1984 3003 2032 te

570 2054 881 2133 prodigiali
914 2055 1044 2114 Iovi
1088 2099 1101 2113 .
1150 2101 1162 2113 .
1210 2100 1223 2113 .
1268 2066 1710 2133 comprecatam
1739 2054 2017 2132 oportuit.

692 2136 946 2207 ServiuS,
978 2138 1050 2195 A.
1085 2153 1155 2194 111
1188 2138 1305 2213 366
1336 2136 1566 2215 (Dan.).
1673 2138 1859 2195 Varro
1886 2156 2030 2195 sane
2068 2138 2218 2195 haec
2260 2136 2341 2195 ita
2378 2135 2628 2196 definit:
2672 2145 2997 2204 ostentum,

571 2217 738 2294 quod
780 2215 1006 2293 aliquid
1048 2217 1393 2277 hominibus
1436 2219 1715 2290 ostendit,
1749 2219 2085 2295 prodigium
2141 2219 2297 2293 quod
2330 2226 2514 2294 porro
2559 2218 2779 2293 dirigit,
2833 2216 3004 2274 mira-

573 2300 793 2370 culum,
818 2299 985 2374 quod
1016 2298 1231 2357 mirum
1261 2310 1367 2371 est,
1400 2311 1751 2371 monstrum,
1784 2300 1950 2376 quod
1979 2309 2199 2358 monet.

693 2377 878 2458 (Fest.
904 2399 960 2456 p.
996 2399 1129 2455 229,
1155 2380 1384 2439 derives
1400 2381 1740 2457 prodigium
1769 2381 1924 2439 from
1941 2378 2283 2457 prodicere.)

695 2461 759 2519 P.
819 2479 916 2538 45,
967 2480 1186 2519 cassum
1232 2472 1458 2521 veteres
1506 2463 1685 2519 inane
1727 2472 2068 2537 posuerunt.
2149 2462 2228 2519 Et
2275 2459 2683 2519 arbitrandum
2738 2468 2830 2518 est
2877 2458 3008 2517 eius

572 2541 736 2601 verbi
766 2541 1186 2621 proprietatem
1216 2543 1404 2621 magis
1431 2542 1509 2602 ab
1538 2562 1885 2602 aranearum
1930 2541 2197 2602 cassibus
2225 2541 2466 2615 dictam,
2498 2542 2664 2619 quod
2699 2539 2816 2601 sint
2844 2541 3005 2600 leves

573 2633 635 2683 et
661 2624 881 2682 nullius
910 2624 1210 2701 ponderis,
1242 2643 1384 2696 non,
1416 2635 1481 2683 ut
1509 2624 1871 2700 quibusdam
1901 2624 2148 2697 videtur,
2180 2622 2352 2699 quasi
2380 2642 2671 2698 quassum.
2761 2624 3008 2681 Plautus

571 2704 897 2775 Aulularia,
933 2709 947 2735 ‘
969 2705 1277 2782 Virginem
1307 2705 1504 2764 habeo
1532 2706 1836 2782 grandem,
1868 2707 2013 2765 dote
2041 2724 2271 2764 cassam
2300 2715 2481 2780 atque
2504 2703 2922 2763 inlocabilem.'

695 2785 948 2857 ServiuS,
980 2787 1052 2843 A.
1081 2803 1126 2843 11
1152 2788 1225 2863 85
1248 2783 1480 2864 (Dan.),
1508 2806 1732 2845 cassum
1763 2798 1852 2845 est
1879 2786 2049 2863 quasi
2077 2805 2352 2861 quassum
2381 2795 2441 2844 et
2472 2785 2618 2844 nihil
2646 2785 2964 2844 continens
2990 2804 3003 2841 ι

574 2884 715 2925 nam
753 2876 814 2926 et
852 2885 954 2925 vas
987 2885 1277 2942 quassum,
1310 2868 1476 2943 quod
1511 2886 1783 2926 umorem
1823 2867 1883 2926 in
1923 2887 1987 2927 se
2025 2886 2148 2926 non
2188 2866 2457 2926 continet
2491 2878 2550 2926 et
2588 2878 2679 2926 est
2711 2884 3007 2938 vacuum3

574 2948 737 3006 unde
759 2957 819 3006 et
848 2947 994 3006 retia
1019 2967 1213 3022 casses,
1246 2949 1412 3024 quod
1443 2949 1698 3008 multum
1729 2949 1790 3007 in
1820 2969 1884 3008 se
1912 2948 2083 3008 vacui
2113 2948 2390 3007 habeant.

697 3030 761 3087 P.
794 3046 890 3105 45,
922 3030 1166 3088 investes
1201 3029 1482 3088 dicuntur
1520 3030 1876 3106 impubereS,
1908 3029 2129 3106 quibus
2170 3040 2413 3106 propter
2445 3039 2709 3087 teneram
2748 3037 3007 3086 aetatem

573 3109 738 3169 nulla
778 3129 912 3185 pars
955 3110 1219 3187 corporis
1262 3111 1423 3187 pilat.
1513 3113 1657 3170 Hoc
1701 3123 1760 3170 et
1804 3111 2112 3170 Aeneidos
2156 3109 2257 3170 lib.
2310 3126 2422 3168 vm
2469 3109 2703 3169 videtur
2749 3107 3008 3168 sensisse

576 3189 905 3267 Vergilius:
952 3195 967 3222 ‘
984 3193 1185 3250 Aurea
1212 3192 1499 3251 caesaries
1528 3192 1662 3251 ollis
1690 3203 1872 3268 atque
1899 3211 2078 3251 aurea
2104 3190 2299 3250 vestiS.
2306 3192 2319 3218 ²

695 3272 948 3345 Servius,
1000 3273 1074 3330 A.
1134 3290 1248 3330 vm
1307 3275 1443 3349 659,
1501 3291 1686 3331 aurea
1734 3275 1916 3346 vesus,
1975 3274 2094 3332 hoc
2149 3282 2239 3332 est
2293 3273 2490 3330 barba.
2558 3272 2744 3331 Unde
2799 3281 3010 3331 contra

574 3353 811 3411 investes
850 3353 1107 3412 dicimus
1148 3354 1462 3412 ismberbes
1501 3355 1665 3414 unde
1706 3365 1796 3414 est
1838 3352 1917 3433 (v.
1978 3352 2118 3432 160)
2178 3357 2356 3413 ‘tunc
2405 3352 2552 3411 mihi
2590 3351 2780 3429 prima
2824 3369 3008 3429 genas

572 3432 829 3493 vestibat
857 3435 1004 3494 flore
1034 3433 1310 3494 iuventa.'

690 3511 882 3594 (Paul.
914 3535 972 3592 p.
1007 3518 1142 3592 368,
1175 3536 1220 3575 3.
1252 3535 1303 3574 v.
1337 3515 1644 3593 vesticeps.)

698 3598 763 3654 P.
797 3598 894 3669 48,
917 3597 1266 3656 silicernium
1294 3597 1553 3673 pessime
1581 3596 1992 3674 intellegentes
2019 3596 2103 3655 ita
2129 3595 2400 3673 posuisse
2436 3596 2767 3654 Terentium
2796 3604 3011 3671 putant

576 3678 743 3752 quod
798 3677 1148 3737 incurvitate
1204 3678 1397 3738 silices
1452 3690 1658 3737 cernat
1713 3698 1909 3737 senex.
2005 3679 2378 3738 St‘lzeernium
2432 3687 2523 3736 est
2579 3671 2816 3754 proprie
2870 3693 3011 3734 con

573 3757 796 3818 vivium
851 3760 1101 3819 funebre
1156 3760 1325 3835 quod
1381 3759 1626 3819 senibus
1682 3759 2008 3819 exhibetur.
2094 3761 2285 3818 Varro
2337 3757 2691 3835 Meleagris.
2766 3758 3008 3815 ‘Funus

574 3839 916 3915 exsequiati,
949 3842 1109 3900 laute
1146 3841 1226 3900 ad
1264 3842 1601 3917 sepulcrum
1639 3841 1890 3918 antiquo
1929 3859 2096 3899 more
2136 3839 2496 3899 silicernium
2526 3837 2915 3910 confecimuS‚
2947 3835 3010 3896 id

574 3930 665 3980 est
684 3919 1078 3996 περίδειπνον.
1067 3945 1078 3956 ·
1124 3941 1247 3998 quo
1275 3922 1474 3999 pransi
1505 3921 1884 3981 discedentes
1914 3921 2170 3980 dicimus
2190 3920 2341 3979 alius
2370 3920 2468 3978 alii
2514 3921 2663 3978 Vale.
2671 3922 2684 3948 ’

695 4000 949 4073 Servius,
981 4004 1054 4061 A.
1087 4019 1127 4060 v
1158 4022 1252 4078 92,
1285 4003 1489 4063 leviter
1515 4003 1773 4080 gustavit
1794 4003 1999 4079 epulas
2044 4048 2058 4061 .
2106 4020 2381 4077 ..quae
2417 4001 2773 4060 silibet-nium
2803 3999 3012 4058 dicun

573 4092 668 4142 tur
696 4082 867 4158 quasi
894 4048 1235 4156 siltkenmm,
1268 4103 1445 4160 super
1479 4084 1708 4144 silicem
1736 4082 1982 4161 positae.
2073 4083 2146 4141 In
2176 4084 2279 4142 the
2308 4082 2545 4142 Servius
2573 4083 2644 4140 of
2667 4080 2883 4140 Daniel
2912 4098 3012 4138 are

572 4163 776 4223 added
832 4165 935 4223 the
983 4166 1193 4237 words,
1245 4183 1401 4241 quae
1448 4166 1703 4242 peractis
1758 4165 1939 4224 sacris
1995 4163 2240 4223 senibus
2289 4164 2603 4236 dabantur,
2653 4174 2720 4222 ut
2775 4181 2840 4221 se
2889 4160 3011 4219 cito

575 4243 894 4304 morituros
923 4257 1368 4323 cognoscerent.

699 4327 765 4385 P.
799 4343 893 4403 50,
918 4327 1095 4402 fhres
1136 4326 1634 4404 significationem
1691 4325 1912 4386 habere
1953 4345 1990 4385 a
2012 4326 2222 4400 furva,
2268 4325 2435 4401 quod
2480 4324 2742 4384 Romani
2783 4333 3012 4383 veteres

555 4405 814 4482 furvum
856 4419 1050 4467 atrurn
1093 4407 1558 4486 appellaverint,
1599 4421 1660 4469 et
1702 4409 1868 4484 quod
1912 4427 2016 4484 per
2059 4407 2344 4467 obscuras
2384 4417 2566 4483 atque
2607 4416 2762 4465 atras
2803 4415 3015 4464 noctes

574 4498 916 4564 opportuna
943 4489 1021 4549 sit
1048 4490 1135 4549 eis
1165 4489 1304 4548 mali
1343 4489 1599 4562 effectio,
1631 4509 1738 4550 eos
1776 4489 1971 4549 dictos
1999 4490 2175 4561 fures,
2207 4489 2398 4547 Varro
2437 4484 2753 4565 (ostendit)
2785 4487 3014 4545 Rerum
