3305 5129
568 437 928 502 .VIRGIL
988 437 1196 502 AND
1265 438 1428 504 HIS
1494 437 1931 502 ANCIENT
1991 437 2388 504 CRITICS.
2552 436 2694 500 xliii

271 603 553 664 Latinam
598 603 1061 682 descriptionem
1082 606 1131 677 ς’
1189 621 1257 663 ix
1305 622 1438 681 551,
1488 607 1503 635 ‘
1522 604 1691 664 vides
1733 602 1796 662 in
1843 615 2160 681 angustum
2206 604 2479 665 Latinam
2535 624 2698 682 para-

268 686 477 746 bolam
505 685 591 744 sic
617 704 750 745 esse
776 695 1142 746 contractam
1172 697 1238 745 ut
1255 685 1402 745 nihil
1428 683 1617 762 possit
1644 704 1774 744 esse
1801 683 2057 745 ieiunius
2100 728 2114 743 .
2158 731 2171 743 .
2218 731 2231 744 .
2279 686 2340 745 in
2370 697 2534 745 tanta
2554 704 2696 764 ergo

267 765 608 826 differentia
646 785 840 844 paene
885 767 1360 826 erubescendum
1409 776 1500 826 est
1544 785 1889 842 comparare
1910 767 1957 837 ς’
2015 783 2061 825 x
2105 769 2240 842 360,
2301 771 2317 798 ‘
2338 777 2562 844 quanta
2616 766 2692 826 sit

267 847 609 907 differentia
641 847 951 924 utriusque
994 846 1110 906 loci
1149 846 1355 907 lectori
1396 845 1835 907 aestimandum
1880 846 2152 924 relinquo
2175 849 2220 919 ;'
2278 864 2346 906 xl
2393 866 2422 921 7
2432 865 2463 925 5
2479 867 2525 918 r,
2562 851 2577 879 ‘
2599 846 2692 906 his

266 927 700 1005 praetermissis
728 947 882 1005 quae
908 927 1171 988 animam
1198 927 1516 1005 parabolae
1543 927 1786 999 dabant,
1816 929 1978 987 velut
2003 927 2343 988 exanimum
2373 928 2433 986 in
2467 927 2695 988 Latinis

266 1009 540 1069 versibus
581 1028 798 1087 corpus
838 1009 1157 1069 remansit.'
1238 1009 1382 1068 And
1424 1027 1492 1068 so
1533 1026 1614 1068 on
1659 1010 1811 1068 Aen.
1857 1024 1919 1066 lv
1955 1012 2086 1083 176,
2117 1026 2160 1067 x
2199 1027 2333 1084 270,
2376 1028 2457 1069 on
2501 1008 2693 1069 which

268 1090 393 1150 line
438 1090 692 1161 ServiuS,
743 1110 809 1150 as
854 1089 904 1149 if
940 1089 1192 1168 quoting
1226 1091 1380 1149 from
1420 1109 1458 1149 a
1495 1089 1710 1149 hostile
1750 1088 1933 1161 critic,
1977 1109 2109 1167 says
2155 1094 2169 1121 ‘
2190 1091 2308 1150 hoc
2348 1101 2550 1150 autem
2592 1090 2699 1149 iste

267 1170 590 1231 violentius
618 1170 834 1248 posuit,
864 1172 1029 1248 quod
1058 1171 1157 1231 ille
1184 1172 1389 1231 stellae
1416 1182 1648 1230 tantum
1676 1169 1817 1228 facit
1842 1170 2370 1248 comparationem,
2394 1171 2493 1231 hic
2512 1171 2692 1231 etiam

267 1253 477 1312 stellae
520 1252 830 1329 pestiferae
848 1254 897 1325 ς’
938 1253 1059 1312 and
1095 1271 1175 1311 on
1204 1268 1293 1310 vu
1337 1255 1469 1329 785,
1501 1268 1614 1309 vm
1650 1254 1785 1323 620,
1817 1267 1862 1309 x
1898 1271 2027 1324 101,
2058 1269 2152 1311 xu
2199 1271 2328 1328 149,
2374 1269 2504 1330 725.
2593 1252 2694 1313 On

265 1334 375 1393 the
402 1334 516 1392 last
536 1353 783 1411 passage
804 1332 1039 1394 Servius
1058 1352 1254 1393 seems
1283 1343 1346 1392 to
1375 1333 1453 1393 be
1474 1332 1717 1410 making
1736 1351 1773 1391 a
1793 1332 2043 1393 desence
2066 1355 2076 1392 :
2125 1337 2139 1364 ‘
2156 1333 2468 1393 sciendum
2492 1335 2691 1392 locum

267 1415 435 1474 hunc
462 1433 500 1473 a
525 1414 788 1493 Vergilio
815 1434 946 1475 esse
974 1416 1321 1475 translatum
1360 1424 1427 1474 ut
1454 1413 1516 1472 in
1547 1415 1823 1473 Homero
1850 1413 2039 1473 lectus
2066 1416 2192 1474 est.'
2276 1416 2396 1474 But
2423 1413 2562 1472 with
2592 1415 2695 1473 the

265 1495 616 1572 exceptions
657 1497 779 1571 just
821 1495 1172 1555 mentioned
1214 1494 1451 1555 Servius
1493 1495 1745 1554 touches
1788 1512 1869 1553 on
1922 1514 2082 1555 none
2126 1496 2195 1555 of
2235 1496 2338 1556 the
2382 1515 2577 1555 verses
2626 1513 2695 1554 so

266 1577 521 1653 roughly
548 1577 811 1636 handled
838 1576 901 1635 in
932 1575 1278 1636 Macrobius
1306 1587 1517 1653 except
1546 1593 1617 1634 lx
1650 1578 1764 1634 106
1794 1574 2026 1654 (Dan.)‚
2057 1593 2102 1635 x
2133 1580 2267 1653 361,
2299 1577 2419 1636 and
2450 1593 2519 1635 xl
2542 1593 2675 1653 751.

392 1659 489 1716 To
528 1658 695 1717 these
736 1657 1033 1717 instances
1069 1658 1098 1716 I
1136 1658 1259 1717 add
1297 1659 1399 1717 the
1429 1656 1663 1716 remark
1690 1657 1751 1715 in
1783 1657 2130 1718 Macrobius
2159 1675 2198 1716 v
2232 1657 2294 1717 iii
2331 1678 2354 1715 1
2383 1680 2395 1715 ε
2451 1662 2466 1689 ‘
2488 1660 2693 1733 ιιεὺρην

263 1736 379 1813 μὲν
424 1738 629 1817 μαστῷ
672 1743 944 1809 πέλασεν,
996 1740 1133 1818 τόξῳ
1181 1737 1239 1796 δὲ
1284 1737 1532 1815 σίδηρον.
1615 1739 1837 1797 Totam
1886 1759 2010 1799 rem
2055 1749 2282 1815 quanto
2330 1738 2694 1816 compendio

264 1817 471 1896 lingua
513 1818 693 1878 ditior
738 1818 1083 1896 explicavit:
1126 1829 1333 1890 vester,
1385 1818 1524 1879 licet
1556 1819 1806 1896 periodo
1844 1839 2003 1893 usus,
2052 1819 2212 1880 idem
2258 1830 2459 1879 tamen
2502 1818 2694 1879 dixit?

267 1900 552 1958 Adduxit
574 1900 734 1975 longe
757 1901 986 1976 capita,’
1013 1910 1126 1959 etc.

393 1978 629 2039 Servius
657 1999 737 2040 on
758 1982 908 2040 Aen.
943 1997 963 2039 1
995 2000 1069 2056 9²
1091 1978 1341 2058 (Dan.):
1389 1984 1403 2011 ‘
1424 1981 1875 2059 reprehenditur
1899 2001 2042 2042 sane
2071 1982 2188 2041 hoc
2225 1982 2363 2041 loco
2397 1980 2691 2059 Vergilius

264 2062 438 2138 quod
464 2060 785 2138 improprie
822 2062 934 2121 hos
961 2080 1163 2121 versus
1199 2062 1455 2122 Homeri
1490 2063 1849 2123 transtulerit
1890 2109 1904 2122 .
1952 2108 1966 2122 .
2012 2107 2026 2122 .
2073 2081 2212 2121 nam
2233 2062 2464 2137 frigore
2501 2063 2689 2121 soluta

262 2143 521 2200 membra
545 2142 724 2220 longe
749 2141 912 2202 aliud
939 2154 1030 2202 est
1057 2162 1238 2219 quam
1267 2143 1407 2203 λύτο
1437 2145 1720 2216 γούνατα,
1752 2155 1813 2204 et
1848 2144 2095 2221 duplices
2129 2144 2358 2202 tendens
2387 2144 2473 2202 ad
2498 2143 2691 2202 sidera

248 2223 499 2300 palmas
523 2224 721 2296 molle,
753 2242 891 2283 cum
920 2223 1069 2284 illud
1098 2223 1285 2301 magis
1310 2225 1498 2283 altum
1528 2235 1587 2283 et
1615 2225 1890 2285 heroicae
1910 2243 2217 2301 personae,
2248 2224 2386 2299 πρὸς
2412 2225 2480 2284 ὃν
2506 2247 2691 2299 μεγα-

264 2307 480 2379 λήτορα
512 2308 713 2380 θυμόν.
797 2306 1107 2364 Praeterea
1143 2304 1278 2381 quis
1308 2304 1564 2364 interdiu
1603 2324 1817 2365 manus
1857 2306 1937 2365 ad
1978 2304 2173 2364 sidera
2212 2304 2383 2376 tollit,
2411 2315 2516 2365 aut
2556 2304 2690 2381 quis

261 2385 344 2444 ad
372 2386 606 2444 melum
635 2404 847 2445 manus
874 2387 1091 2445 tollens
1120 2404 1242 2445 non
1270 2385 1432 2445 aliud
1461 2397 1733 2462 precatur
1758 2386 1958 2464 potius
1986 2404 2168 2462 quam
2196 2384 2417 2445 dicit?’
2477 2402 2539 2443 ιν
2571 2389 2686 2462 367

264 2463 503 2544 (Dan),
557 2469 572 2497 ‘
594 2485 737 2525 sane
784 2466 1030 2543 quidam
1085 2467 1344 2526 absurde
1398 2477 1610 2543 putant
1654 2468 1993 2529 Caucasum
2048 2477 2108 2526 et
2152 2465 2328 2543 tigres
2369 2484 2405 2524 a
2447 2465 2692 2526 Didone

264 2557 643 2619 memorataS,
692 2547 832 2625 quia
880 2568 993 2608 nec
1043 2546 1271 2608 Didoni
1312 2548 1688 2625 perturbatae
1735 2548 1936 2610 venire
1976 2548 2038 2608 in
2078 2558 2342 2608 mentem
2386 2547 2692 2609 Caucasus

265 2627 559 2706 (Caucasi
576 2627 627 2704 ?)
684 2628 896 2706 potuit,
948 2648 1060 2689 nec
1112 2628 1289 2707 tigres
1331 2629 1492 2689 iuxta
1535 2650 1674 2689 eum
1723 2631 2014 2709 cognitae,
2066 2641 2126 2689 et
2170 2630 2288 2689 hoc
2334 2630 2688 2705 Hyrcanae:

264 2728 405 2769 nam
449 2710 618 2786 quod
655 2709 739 2769 ait
770 2713 978 2784 genuit
1022 2711 1330 2782 Caucasus,
1375 2711 1700 2770 elaboravit
1739 2712 2001 2772 dicendo
2041 2711 2247 2786 genuit
2284 2708 2691 2770 incredibilius

263 2790 458 2850 facere
488 2791 565 2850 de
596 2801 800 2851 monte
829 2790 1141 2851 masculini
1175 2790 1423 2869 generis,
1460 2793 1567 2851 sed
1602 2792 1701 2852 hic
1743 2792 2005 2852 imitatur
2043 2793 2336 2863 GraeCOS,
2360 2791 2463 2868 qui
2502 2790 2691 2869 magis

262 2871 502 2948 proprie
530 2873 751 2946 γλαυκὴ
778 2871 837 2931 δέ
861 2895 923 2930 σε
951 2879 1099 2931 τίκτε
1126 2873 1437 2931 θάλασσα]
1521 2874 1682 2945 And,
1713 2874 1999 2951 although
2029 2872 2266 2944 Pindar,
2297 2883 2403 2931 not
2433 2873 2687 2944 Homer,

260 2951 315 3012 is
341 2952 404 3010 in
434 2951 727 3029 question,
752 2972 838 3012 we
866 2972 1001 3029 may
1030 2954 1170 3012 here
1197 2963 1381 3029 quote
1409 2954 1512 3012 the
1539 2972 1741 3013 severe
1768 2954 2046 3013 criticism
2076 2972 2157 3013 on
2180 2953 2412 3030 Virgil's
2432 2953 2689 3031 descrip-

262 3031 392 3092 tion
421 3034 492 3093 of
523 3034 682 3092 Etna
713 3032 776 3092 in
813 3033 1089 3110 eruption
1119 3033 1375 3112 (Gellius
1416 3050 1553 3092 xvn
1599 3055 1672 3093 10
1704 3064 1755 3084 ==
1790 3034 2135 3095 Macrobius
2164 3052 2203 3093 v
2237 3034 2354 3093 xvii
2393 3033 2488 3112 7):
2537 3036 2688 3093 ‘Ille

262 3113 528 3175 Graecus
558 3112 902 3192 (Pindarus)
931 3114 1177 3191 quidem
1205 3116 1401 3174 sontes
1438 3114 1640 3175 imitus
1659 3115 1844 3193 ‘ignes
1881 3127 2146 3176 eructare
2180 3126 2242 3176 et
2269 3116 2452 3175 fluere
2479 3134 2688 3175 amnes

261 3195 411 3254 fumi
459 3206 521 3254 et
564 3196 936 3254 flammarum
981 3197 1141 3255 fulva
1183 3207 1243 3255 et
1290 3205 1558 3257 tortuosa
1605 3197 1910 3256 volumina
1946 3197 2006 3255 in
2045 3198 2248 3274 plagas
2299 3196 2475 3256 maris
2517 3198 2683 3268 serre,

262 3275 433 3353 quasi
481 3277 775 3352 quosdam
827 3276 1035 3354 igneos
1081 3295 1307 3349 amnes,
1358 3278 1660 3337 luculente
1704 3278 1869 3338 dixit.
1951 3280 2034 3337 At
2089 3277 2186 3337 hic
2240 3288 2433 3337 vester
2486 3284 2683 3336 atram

261 3357 465 3415 nubem
511 3357 741 3416 turbine
771 3358 933 3433 piceo
972 3364 1030 3415 et
1049 3357 1278 3431 favilla
1302 3357 1584 3432 fhmante
1613 3359 1755 3436 ῥόον
1798 3368 2015 3419 καπνοῦ
2056 3361 2276 3417 αἴθωνα
2317 3356 2684 3434 interpretari

259 3438 469 3497 volens
495 3456 690 3497 crasse
718 3449 779 3496 et
814 3437 1139 3498 immodice
1166 3438 1480 3516 congessit,
1509 3440 1705 3515 globos
1738 3450 1920 3517 atque
1938 3439 2352 3515 flammarum,
2392 3440 2559 3515 quod
2587 3438 2686 3498 ille

262 3516 536 3596 κρουνοῦς
562 3518 805 3590 dixerat,
835 3519 1060 3579 duriter
1085 3519 1286 3596 posuit
1313 3529 1373 3578 et
1400 3520 1636 3596 ἀώρως.
1717 3522 1860 3580 Hoc
1888 3539 2027 3580 vero
2055 3521 2149 3580 vel
2176 3518 2566 3579 inenarrabile
2594 3529 2685 3579 est

261 3600 430 3676 quod
463 3600 662 3656 nubem
698 3607 897 3657 atram
916 3600 1164 3675 fumare
1202 3600 1350 3660 dixit
1377 3602 1608 3660 turbine
1633 3604 1793 3677 piceo
1824 3608 1882 3660 et
1898 3602 2129 3676 favilla
2167 3602 2453 3660 candente.
2539 3601 2682 3659 Non

261 3679 427 3739 enim
448 3680 674 3739 fumare
695 3682 1107 3758 solentneque
1123 3692 1249 3741 atra
1268 3701 1399 3742 esse
1416 3700 1571 3758 quae
1591 3693 1732 3742 sunt
1752 3682 2086 3754 candentia,
2111 3680 2224 3741 nisi
2245 3683 2396 3741 forte
2415 3682 2688 3741 candente

259 3759 411 3821 dixit
438 3762 777 3839 pervulgate
804 3772 865 3821 et
892 3762 1212 3840 improprie
1238 3781 1348 3841 pro
1357 3762 1633 3837 ferventi,
1665 3783 1791 3823 non
1818 3783 1928 3841 pro
1955 3765 2241 3834 relucenti,
2273 3781 2414 3822 nam
2441 3763 2684 3822 candens

256 3840 487 3901 scilicet
508 3860 546 3900 a
571 3843 812 3902 candore
836 3842 1083 3916 dictum,
1114 3863 1239 3903 non
1265 3863 1304 3904 a
1327 3845 1527 3904 calore.
1613 3845 1798 3920 Quod
1837 3856 2038 3906 autem
2070 3845 2321 3920 scopulos
2348 3843 2611 3902 eructari
2629 3849 2686 3902 et

255 3923 412 3999 erigi
430 3923 800 3999 eosdemque
820 3923 981 4016 ipsos
1003 3924 1202 3984 statim
1221 3925 1513 4001 liquefieri
1524 3936 1585 3986 et
1601 3945 1821 4000 gemere
1839 3937 2020 4003 atque
2040 3924 2479 4002 glomerarisub
2498 3942 2685 3983 auras

257 4001 423 4075 dixit,
448 4003 566 4063 hoc
593 4023 708 4064 nec
734 4023 771 4063 a
796 4005 1055 4065 Pindaro
1075 4005 1360 4083 scriptum
1388 4026 1501 4066 nec
1520 4026 1787 4084 unquam
1809 4008 1993 4067 fando
2014 4005 2305 4079 auditum,
2327 4016 2388 4066 et
2409 4005 2681 4065 omnium

258 4103 416 4161 quae
443 4095 710 4144 monstra
736 4085 1015 4145 dicuntur
1041 4086 1650 4147 monstruosissimum
1680 4090 1807 4148 est.'
1827 4086 1844 4116 ²

379 4166 579 4225 There
605 4166 656 4225 is
682 4185 720 4225 a
744 4178 908 4243 great
934 4166 1069 4226 deal
1097 4168 1166 4226 of
1186 4170 1415 4227 neutral
1442 4168 1722 4228 criticism
1750 4188 1832 4228 on
1859 4167 2093 4246 Virgil's
2120 4167 2499 4230 translations
2526 4169 2679 4227 from

261 4248 498 4306 Homer
524 4246 587 4305 in
615 4247 718 4306 the
745 4246 904 4308 third
930 4248 1191 4325 chapter,
1213 4248 1335 4308 and
1362 4268 1444 4309 on
1466 4259 1530 4309 to
1552 4251 1655 4309 the
1676 4250 1846 4310 tenth
1867 4251 1938 4309 of
1959 4249 2322 4310 Macrobius'
2344 4250 2476 4308 fifth
2497 4249 2679 4320 book,

356 4367 374 4398 ²
408 4367 521 4417 The
554 4368 719 4418 whole
751 4369 983 4433 question
1018 4368 1075 4418 of
1102 4369 1396 4419 translation
1431 4370 1558 4419 from
1591 4370 1763 4421 Greek
1798 4380 1941 4436 poets
1971 4370 2080 4420 into
2113 4370 2262 4420 Latin
2286 4371 2328 4421 is
2350 4370 2605 4420 discussed
2629 4369 2680 4419 in

254 4432 452 4485 Gellius
475 4444 537 4483 lx
560 4446 609 4495 9,
637 4433 802 4483 where
834 4450 865 4483 a
897 4434 1135 4484 criticism
1168 4434 1227 4484 os
1256 4436 1446 4485 Probus
1478 4436 1519 4485 is
1553 4436 1742 4500 quoted
1777 4452 1844 4486 on
1877 4437 1964 4487 the
1998 4452 2205 4501 passage
2237 4437 2392 4486 about
2427 4436 2594 4485 Diana
2626 4434 2680 4485 in

254 4498 342 4549 the
367 4498 470 4549 first
492 4497 709 4549 Aeneid.
779 4498 1031 4565 Compare
1050 4500 1159 4550 also
1181 4501 1376 4551 Gellius
1400 4512 1506 4550 x111
1533 4513 1613 4564 27.
