3305 5129
257 370 465 434 THE
514 370 952 436 ANCIENT
1001 371 1818 441 COMMENTATORS
1867 375 1998 441 ΟΝ
2050 377 2408 441 VIRGIL.
2479 377 2680 440 lxxxi

1170 651 1430 707 NONIUS,
1476 651 1645 694 BOOK
1689 652 1770 697 lv.

376 765 640 843 Coming
676 785 812 825 now
838 777 902 826 to
929 767 1032 826 the
1061 768 1260 826 fourth
1290 767 1454 827 book
1481 768 1551 826 of
1583 767 1838 840 Nonius,
1869 767 2062 827 which
2104 768 2153 827 is
2191 768 2682 846 lexicographical

252 848 380 926 (De
434 847 616 906 Varia
669 847 1115 924 Significatione
1168 848 1552 927 Verborum),
1611 851 1642 909 I
1701 850 1852 908 have
1915 849 2161 909 noticed
2225 850 2328 909 the
2383 850 2683 927 following

252 929 581 1006 important
623 929 1044 989 coincidences
1087 930 1356 990 between
1401 929 1494 989 his
1538 940 1714 991 notes
1754 931 1876 989 and
1920 931 2093 990 those
2131 931 2199 990 of
2235 932 2337 990 the
2378 950 2683 990 commen—

250 1020 437 1070 tators
467 1029 549 1069 on
576 1010 797 1087 Virgil:

376 1093 442 1150 P.
481 1108 614 1168 245,
654 1110 811 1150 aura
850 1092 1151 1167 splendor.
1237 1091 1533 1169 Vergilius
1574 1092 1883 1152 Aeneidos
1925 1093 2025 1153 lib.
2072 1110 2136 1151 vt
2183 1097 2198 1124 ‘
2216 1092 2478 1154 discolor
2518 1094 2680 1152 unde

248 1172 378 1232 auri
407 1191 515 1249 per
542 1191 739 1231 ramos
765 1192 909 1232 aura
934 1172 1197 1232 refulsit.'

374 1253 631 1326 ServiuS,
680 1256 751 1313 A.
806 1271 869 1312 vl
919 1273 1053 1327 204,
1103 1274 1261 1313 aura
1306 1256 1463 1327 auri,
1508 1255 1795 1330 splendor
1834 1254 1977 1315 auri.
2067 1254 2374 1328 HoratiuS,
2422 1260 2562 1315 ‘tua
2603 1275 2680 1314 ne

249 1336 511 1395 retardet
538 1337 702 1394 Aura
730 1335 1008 1406 marit08‚'
1036 1336 1128 1394 i.e.
1161 1337 1459 1412 splendor.

376 1418 441 1475 P.
479 1433 612 1493 257,
668 1426 990 1492 componere
1043 1416 1227 1476 finire.
1343 1416 1638 1495 Vergilius
1693 1417 1999 1477 Aeneidos
2054 1418 2154 1477 lib.
2217 1435 2237 1475 1
2295 1422 2310 1449 ‘
2330 1428 2470 1477 ante
2515 1417 2678 1476 diem

250 1498 458 1556 clauso
487 1508 813 1574 componet
839 1499 1070 1573 Vesper
1099 1498 1397 1574 Olympo.'
1483 1500 1562 1557 Et
1590 1498 1654 1557 in
1684 1499 2002 1571 BucoliciS,
2037 1503 2051 1530 ‘
2074 1519 2196 1558 non
2227 1510 2495 1559 nostrum
2527 1499 2680 1557 inter

250 1597 357 1638 vos
385 1588 580 1637 tantas
607 1598 972 1655 componere
1000 1578 1169 1638 lites!
1246 1580 1590 1656 Componere
1615 1581 1874 1652 reficere,
1899 1599 2160 1639 recreare
2203 1625 2217 1640 .
2265 1628 2277 1639 .
2324 1627 2337 1640 .
2385 1580 2681 1657 Vergilius

250 1659 561 1719 Aeneidos
609 1659 709 1718 lib.
760 1677 781 1718 1
836 1664 850 1690 ‘
868 1680 1031 1719 nunc
1074 1659 1309 1737 placida
1358 1672 1707 1737 compostus
1751 1680 1900 1738 pace
1945 1661 2233 1738 quiescit!
2340 1663 2683 1737 Componere

250 1741 588 1817 disponere,
641 1739 1041 1800 constituere:
1085 1741 1378 1819 Vergilius
1422 1743 1731 1801 Aeneidos
1778 1743 1878 1802 lib.
1929 1760 1998 1801 111
2052 1747 2067 1774 ‘
2090 1762 2271 1820 quam
2317 1752 2444 1801 tuta
2485 1742 2679 1819 possis

250 1823 465 1881 urbem
492 1840 857 1898 componere
886 1824 1074 1882 terra.²
1157 1823 1247 1881 M.
1272 1822 1506 1882 Tullius
1535 1824 1612 1883 de
1643 1823 1871 1883 Officiis
1912 1869 1926 1883 .
1974 1870 1987 1883 .
2036 1870 2048 1882 .
2105 1825 2448 1900 Componere
2481 1843 2678 1882 rursus

250 1902 547 1980 signifioet
586 1922 946 1981 comparare.
1060 1903 1283 1963 Accius
1324 1950 1338 1965 .
1385 1950 1398 1963 .
1446 1950 1460 1964 .
1509 1904 1774 1963 Lucilius
1816 1951 1830 1964 .
1879 1950 1892 1964 .
1940 1950 1953 1964 .
2000 1905 2311 1965 Sallustius
2354 1951 2367 1964 .
2415 1950 2429 1965 .
2476 1951 2490 1964 .
2535 1906 2680 1964 Ver-

249 1983 423 2062 gilius
454 1984 885 2061 Georgicorum
913 1984 1013 2044 lib.
1047 2002 1112 2043 1v
1143 1988 1158 2017 ‘
1177 2003 1301 2044 non
1342 1985 1526 2057 aliter,
1558 1985 1604 2044 si
1643 2005 1824 2062 parva
1856 1985 1995 2045 licet
2022 2005 2386 2063 componere
2415 1986 2676 2063 magnis'

251 2112 264 2124 .
311 2111 325 2125 .
373 2111 386 2125 .
428 2067 773 2141 Componere
799 2064 1176 2143 coniungere.
1235 2066 1530 2143 Vergilius
1556 2066 1659 2125 lib.
1693 2083 1807 2125 vm
1841 2071 1855 2098 ‘
1878 2086 2251 2144 componens
2282 2066 2678 2144 manibusque

253 2165 468 2206 manus
493 2156 675 2223 atque
703 2146 907 2206 oribus
935 2148 1074 2206 ora.²
1159 2147 1422 2206 Lucilius
1465 2193 1478 2207 .
1525 2193 1538 2206 .
1586 2193 1599 2206 .
1646 2147 1973 2207 Sallustius

372 2227 628 2299 ServiuS,
685 2230 758 2287 A.
817 2246 838 2287 1
896 2244 1033 2303 374,
1090 2236 1375 2305 componet
1421 2227 1602 2300 finiet,
1657 2239 1723 2287 ut
1775 2229 2010 2288 ‘oblato
2064 2228 2334 2305 gaudens
2389 2228 2674 2306 componi

252 2308 494 2368 foedere
546 2308 806 2368 bellum.'
889 2310 1024 2369 The
1070 2310 1277 2371 Cassel
1323 2311 1453 2370 MS.
1501 2310 1673 2381 adds,
1725 2319 1786 2368 et
1837 2314 1852 2341 ‘
1873 2328 1998 2369 non
2047 2320 2316 2368 nostrum
2367 2310 2521 2369 inter
2568 2329 2675 2369 vos

253 2400 445 2449 tantas
488 2409 853 2467 componere
895 2390 1066 2450 lites)
1147 2390 1311 2450 Alibi
1353 2409 1462 2467 pro
1503 2391 1811 2466 disponere,
1843 2402 1909 2448 ut
1940 2395 1954 2421 ‘
1973 2410 2086 2449 nec
2128 2409 2490 2467 componere
2528 2410 2675 2467 opes

252 2473 503 2543 norant,'
530 2472 673 2530 alibi
716 2490 825 2547 pro
865 2474 1211 2548 coniungere,
1244 2482 1310 2530 ut
1357 2477 1371 2502 ‘
1389 2491 1763 2549 componens
1808 2471 2204 2548 manibusque
2246 2474 2495 2543 manuS,'
2531 2472 2673 2530 alibi

252 2572 359 2630 pro
405 2561 753 2629 comparare,
805 2564 871 2613 ut
920 2557 935 2585 ‘
954 2551 1040 2612 sic
1093 2553 1288 2630 parvis
1333 2573 1697 2631 componere
1754 2573 1970 2630 magna
2025 2553 2331 2625 solebam,’
2374 2552 2516 2612 alibi
2565 2573 2674 2631 pro

231 2636 517 2710 fiendam,
551 2645 617 2694 ut
646 2639 661 2667 ‘
682 2635 919 2712 placida
946 2645 1295 2712 compostus
1322 2636 1507 2712 pace.'

371 2717 437 2775 P.
475 2718 609 2788 261,
665 2717 1029 2789 circumferre
1079 2718 1341 2776 lustrare.
1431 2717 1676 2776 Plautus
1730 2715 1793 2775 in
1849 2715 2307 2793 Amphitruone,
2370 2719 2385 2747 ‘
2408 2715 2552 2793 quin
2610 2728 2674 2776 tu

251 2796 438 2856 istanc
467 2794 609 2856 iube
638 2799 755 2857 Pro
783 2797 993 2857 cerrita
1020 2796 1417 2857 circumferri.'

368 2877 625 2950 ServiuS,
675 2881 748 2937 A.
800 2896 864 2937 vl
913 2899 1047 2955 229,
1093 2878 1458 2951 circumtulit,
1505 2878 1790 2957 purgavit.
1877 2878 2211 2956 Antiquum
2255 2879 2503 2937 verbum
2545 2890 2675 2951 est;

254 2960 531 3018 Plautus:
578 2964 594 2991 ‘
611 2979 720 3037 pro
760 2961 984 3018 larvato
1027 2969 1086 3020 te
1123 2958 1570 3019 circumferam!
1654 2962 1814 3019 Nam
1843 2961 2118 3019 lustratio
2148 2979 2185 3018 a
2226 2959 2673 3020 circumlatione

251 3040 407 3101 dicta
450 3051 541 3099 est
582 3043 676 3100 vel
718 3042 928 3101 taedae
970 3042 1064 3101 vel
1105 3041 1376 3117 sulpuris,
1467 3041 1784 3113 IuvenaIiS,
1820 3044 1834 3071 ‘
1852 3040 1901 3100 si
1944 3060 2063 3118 qua
2104 3042 2384 3101 darentur
2422 3042 2674 3118 Sulpura

248 3142 380 3183 cum
412 3122 640 3182 taedis!

369 3206 434 3264 P.
472 3206 607 3276 261,
635 3203 974 3280 confidentia
1016 3248 1032 3264 .
1078 3249 1091 3263 .
1140 3249 1154 3262 .
1200 3203 1516 3274 temeritas,
1547 3202 1815 3262 audacia.
1891 3201 2155 3262 Lucilius
2198 3248 2211 3262 .
2259 3250 2271 3263 .
2321 3248 2333 3261 .
2368 3203 2671 3279 Turpilius

248 3332 259 3344 .
306 3331 320 3346 .
368 3331 381 3344 .
429 3284 654 3344 Accius
696 3331 710 3345 .
757 3329 773 3346 .
817 3327 833 3348 .
879 3284 1160 3344 Afranius
1203 3328 1217 3343 .
1263 3330 1277 3344 .
1324 3328 1338 3343 .
1384 3283 1681 3360 Vergilius
1719 3283 2149 3361 Georgicorum
2199 3284 2298 3343 lib.
2356 3301 2419 3342 ιν
2472 3289 2486 3315 ‘
2511 3286 2670 3343 Nam

246 3366 380 3444 quis
409 3376 486 3438 te,
519 3366 801 3425 iuvenum
830 3365 1358 3436 confidentissime,
1390 3375 1621 3425 nostras
1663 3364 1843 3424 Iussit
1879 3364 2043 3424 adire
2072 3366 2332 3425 domos?
2354 3367 2368 3392 '
2452 3366 2671 3425 Teren-

245 3449 362 3507 tius
392 3447 455 3505 in
482 3447 714 3506 Andria
744 3451 759 3478 ‘
777 3447 982 3506 nescio
1011 3447 1113 3524 qui
1143 3465 1325 3506 senex
1351 3446 1514 3506 venit
1541 3446 1729 3506 modo
1771 3492 1785 3506 .
1831 3491 1845 3508 .
1892 3492 1906 3505 .
1953 3447 2283 3518 confidenS,
2315 3447 2519 3505 catus!

369 3527 782 3606 PhilargyriuS,
811 3530 883 3589 G.
911 3546 975 3586 lv
1005 3545 1142 3605 445,
1165 3528 1632 3604 confidentissime
1657 3547 1765 3604 pro
1791 3528 2183 3586 audacissime.
2253 3528 2668 3602 Confidentiam

244 3610 407 3669 enim
436 3619 665 3669 veteres
702 3629 810 3687 pro
848 3609 1186 3686 impudenti
1222 3608 1474 3668 audacia
1506 3608 1806 3680 dicebant,
1838 3618 1904 3668 ut
1932 3609 2248 3668 Terentius
2278 3607 2490 3685 (Andr.
2525 3625 2564 3664 v
2608 3608 2668 3666 iii

248 3691 310 3769 5)
342 3696 358 3723 ⁶
376 3691 435 3751 O
464 3691 770 3767 ingentem
796 3690 1263 3750 confidentiam!

367 3774 433 3831 P.
471 3775 605 3845 266,
650 3782 940 3849 capessere,
985 3771 1243 3847 recipere
1287 3769 1631 3863 (capessere
1661 3789 1732 3842 se,
1775 3789 1836 3828 se
1873 3769 2133 3846 recipere
2155 3769 2222 3844 ?).
2312 3772 2557 3829 Plautus
2606 3771 2667 3829 in

245 3853 776 3931 Amphitruoneff
797 3873 959 3912 nunc
1003 3871 1246 3930 pergam
1295 3852 1378 3911 eri
1425 3851 1742 3928 imperium
1791 3852 2115 3928 exsequier,
2170 3862 2231 3910 et
2275 3870 2372 3910 me
2416 3852 2667 3912 domum

243 3955 313 3995 ca
453 3955 569 3995 ere.

313 3937 604 4077 Ρξέτνίιω
646 4014 935 4096 (Daniel),
966 4018 1039 4075 A.
1074 4032 1136 4073 1v
1181 4018 1317 4091 346,
1359 4014 1604 4124 quidam
1644 4022 1924 4089 capessere
1962 4032 2070 4091 pro
2112 4033 2200 4071 tre
2237 4013 2556 4090 accipiunt,
2602 4025 2668 4073 ut

246 4098 505 4158 Titinius
538 4102 553 4130 ‘
572 4098 792 4158 Lucius
822 4098 1073 4157 domum
1102 4115 1166 4155 se
1194 4095 1484 4172 capessit.²

367 4178 624 4254 Nonius,
667 4199 723 4257 p.
775 4196 907 4254 277,
956 4180 1238 4237 damnare
1281 4187 1341 4236 et
1385 4177 1758 4235 condemnare
1794 4195 1903 4253 pro
1950 4176 2196 4235 liberare
2238 4176 2496 4252 positum
2541 4187 2667 4235 est:

245 4260 506 4321 Titinius
548 4307 561 4321 .
608 4306 622 4321 .
669 4305 684 4320 .
728 4260 1024 4337 Vergilius
1071 4259 1172 4318 lib.
1225 4274 1318 4317 x11
1369 4261 1586 4334 ‘quem
1641 4258 1890 4316 damnet
1942 4257 2126 4330 labor,
2186 4268 2245 4316 et
2299 4277 2421 4333 quo
2470 4268 2669 4335 vergat

246 4343 513 4418 pondere
560 4343 782 4402 letum.'
866 4340 1168 4418 Turpilius
1210 4383 1225 4399 .
1271 4385 1285 4402 .
1331 4384 1345 4400 .
1391 4338 1687 4417 Vergilius
1743 4339 1805 4396 in
1852 4338 2151 4398 Bucolicis
2205 4338 2552 4397 ‘damnabis
2602 4350 2666 4398 tu

246 4442 486 4501 quoque
515 4423 706 4483 votis?
787 4422 1053 4483 Sisenna.

333 4519 376 4570 1.
1425 4501 1494 4581 f
