3305 5129
544 394 887 460 VIRGIL
948 393 1159 457 AND
1225 392 1390 459 HIS
1453 390 1892 457 ANCIENT
1953 386 2349 456 CRITICS.
2482 384 2659 448 xxxi

238 561 291 622 is
316 560 494 638 given
520 583 534 620 ε
580 560 750 636 Quid
769 561 920 619 enim
948 568 1034 618 est
1056 578 1212 618 aura
1236 558 1395 631 auri,
1426 567 1537 618 etc.
1624 558 1684 615 A
1710 559 1930 617 careful
1957 557 2164 616 reader
2191 556 2260 614 of
2296 551 2660 623 MacrobiuS,

241 643 374 702 who
401 642 511 701 has
550 642 842 702 observed
870 641 974 701 the
1010 660 1147 717 very
1176 641 1442 716 slovenly
1469 640 1617 715 style
1652 639 1724 698 of
1757 638 1850 698 his
1890 637 2248 716 patchwork,
2280 635 2394 693 will
2438 634 2515 694 be
2556 642 2664 692 not

239 722 595 783 disinclined
624 734 689 782 to
708 723 860 782 infer
883 723 1012 782 that
1039 722 1295 798 perhaps
1322 721 1400 779 all
1429 721 1531 780 the
1558 738 1836 798 passages
1863 719 2091 797 quoted
2118 719 2271 777 from
2305 715 2338 791 ᾗ
2369 735 2398 773 2
2425 725 2489 774 to
2523 714 2556 791 ξ
2590 734 2613 773 1
2628 732 2655 773 1

238 805 310 863 of
343 803 462 863 this
496 805 741 881 chapter
783 804 903 862 had
942 803 1097 863 been
1133 802 1291 862 fixed
1332 820 1497 879 upon
1537 802 1629 860 for
1677 802 1875 861 attack
1919 800 1999 877 by
2036 801 2346 860 collectors
2374 794 2663 874 (whether

239 885 587 945 Herennius
641 905 709 944 or
776 883 1003 962 others)
1058 884 1130 943 of
1176 885 1279 944 the
1335 883 1483 942 vitia
1542 882 1796 959 Vergilii,
1853 881 1977 941 and
2030 899 2181 941 were
2237 878 2663 955 subsequently

236 966 542 1026 defended
570 966 650 1043 by
676 964 927 1042 friendly
955 964 1165 1025 critics.
1251 963 1396 1025 And
1433 963 1575 1022 here
1612 963 1660 1022 it
1699 962 1815 1023 will
1855 963 1934 1023 be
1960 964 2090 1022 well
2131 971 2196 1021 to
2237 978 2517 1037 compare
2560 958 2663 1017 the

234 1046 473 1107 Servius
515 1048 587 1106 of
623 1046 986 1107 Macrobius'
1031 1045 1327 1123 Dialogue
1376 1044 1516 1103 with
1567 1045 1672 1119 the
1717 1044 1930 1104 scholia
1966 1043 2161 1102 which
2200 1060 2279 1120 go
2320 1041 2512 1100 under
2557 1039 2659 1099 the

236 1147 416 1189 name
443 1130 514 1188 of
546 1128 798 1200 ServiuS‚
830 1127 891 1186 in
919 1126 1110 1199 order,
1141 1126 1192 1186 if
1224 1125 1503 1203 possible,
1534 1135 1598 1184 to
1639 1124 1930 1186 ascertain
1972 1126 2073 1185 the
2101 1123 2350 1184 relation
2389 1122 2658 1182 between

236 1210 421 1270 them.
509 1210 539 1269 I
568 1210 718 1269 shall
746 1207 973 1269 exhibit
1000 1208 1102 1268 the
1130 1217 1246 1268 two
1275 1206 1336 1266 in
1366 1207 1607 1285 parallel
1635 1208 1911 1266 columns
1936 1228 1949 1264 z

370 1388 499 1437 Tmt
533 1388 778 1439 Ssavms
809 1399 883 1438 or
924 1388 1278 1437 ΜΑοιιοΒιυε.
1511 1386 1642 1437 Tus
1676 1386 1923 1438 snmus
1955 1397 2027 1436 012
2060 1398 2179 1435 ‘rim
2211 1385 2635 1436 COMMENTARY.

304 1502 692 1567 Nothossurata
711 1504 902 1553 creavit
914 1518 933 1553 .·
963 1510 1019 1554 ut
1043 1502 1153 1568 ipsa
1174 1502 1414 1554 creaverit
1555 1502 1735 1554 Silent.

239 1583 368 1633 quos
389 1568 543 1617 creari
566 1568 698 1617 fecit.

314 1633 593 1698 Tepidaque
624 1642 861 1682 recentem
900 1633 1056 1683 Caede
1088 1634 1267 1694 locum,
1299 1648 1413 1684 cum
1551 1633 1683 1682 Aen.
1707 1645 1768 1682 tx
1780 1643 1844 1696 45
1850 1643 1894 1696 5.
1946 1633 2234 1698 Hypallage
2248 1640 2323 1683 est
2339 1650 2429 1698 pro
2441 1635 2661 1698 tepidum

240 1700 381 1750 locus
401 1715 562 1749 recens
579 1699 719 1748 caede
739 1713 869 1749 nove
889 1698 1054 1748 dictus
1075 1699 1156 1748 sit.
1485 1698 1645 1747 Iocum
1683 1700 1867 1747 recenti
1897 1701 2049 1747 caede.
2124 1699 2277 1749 Unde
2311 1699 2456 1749 multi
2489 1701 2662 1764 legunt

1484 1763 1804 1828 tepidumque
1824 1765 2007 1813 recenti
2030 1764 2181 1813 Caede
2202 1765 2373 1813 Iocum.

303 1829 443 1878 Socii
479 1835 731 1878 cesserunt
768 1844 976 1893 aequore
1024 1828 1171 1888 iusso,
1214 1843 1308 1894 pro
1351 1843 1414 1878 eo
1552 1830 1683 1878 Aen.
1714 1840 1750 1878 x
1771 1842 1886 1890 444.
1960 1830 2058 1878 Pro
2079 1830 2179 1894 εφη·
2194 1830 2337 1879 iussi.
2404 1828 2661 1891 (Probus.)

238 1894 377 1959 quod
400 1902 476 1943 est
496 1894 628 1943 iussi
644 1901 903 1943 cesserunt.

311 1960 458 2009 Caeso
478 1968 746 2024 sparsurus
765 1975 861 2008 san
930 1960 1011 2007 ine
1014 1959 1265 2023 flammas
1281 1972 1300 2007 .·
1325 1958 1412 2023 qui
1550 1958 1681 2008 Aen.
1710 1970 1771 2008 xl
1795 1957 1876 2008 82.
1952 1960 2049 2008 Pro
2078 1975 2340 2010 caesorum.

238 2040 302 2075 ex
323 2024 481 2075 caesis
500 2023 734 2075 videlicet
757 2039 850 2088 pro
903 2024 1087 2073 nditur.

314 2090 439 2140 Vota
472 2089 616 2139 dmm
646 2090 816 2153 primo
851 2091 1012 2138 victor
1044 2088 1253 2139 solvebat
1285 2089 1408 2139 Eoo.
1550 2090 1680 2139 Aen.
1712 2100 1770 2138 xl
1794 2104 1842 2150 4.
1916 2089 2253 2140 subaudimus
2272 2098 2495 2155 tempore.

242 2155 342 2206 Pro
362 2171 491 2219 quae
510 2154 590 2203 dis
609 2161 722 2203 vota
743 2161 882 2203 sunt.

305 2221 395 2269 Me
436 2226 700 2269 consortem
742 2220 859 2268 nati
903 2219 1097 2268 concede
1139 2218 1406 2283 sepulchro.
1554 2219 1683 2268 Aen.
1714 2231 1751 2268 x
1774 2219 1886 2281 906.
1955 2220 2132 2271 Silent.

239 2285 386 2336 Alius
417 2284 641 2344 dixisset,
674 2291 722 2333 et
753 2300 829 2333 me
856 2291 1122 2334 consortem
1156 2290 1274 2333 nato
1303 2299 1412 2333 con·

240 2351 347 2400 cede
365 2350 628 2414 sepulchri.

304 2416 407 2465 Illa
445 2417 582 2464 viam
619 2414 836 2464 celerans
861 2421 963 2478 per
998 2414 1136 2463 mille
1175 2414 1415 2464 coloribus
1553 2416 1682 2465 Aen.
1711 2426 1747 2463 v
1770 2415 1884 2477 609.
1956 2415 2060 2464 Aut
2081 2415 2319 2467 subaudis
2324 2418 2547 2481 sactum,
2575 2426 2660 2467 aut

242 2496 418 2529 arcum
434 2494 452 2529 .·
484 2479 537 2530 id
560 2488 636 2530 est
646 2487 748 2545 per
765 2495 943 2528 arcum
966 2480 1104 2529 mille
1121 2480 1352 2528 colorum.
1487 2480 1753 2545 antiptosis
1775 2490 1849 2530 est
1874 2480 2009 2529 mille
2029 2481 2260 2532 colorum.

306 2546 479 2611 Spolia
523 2582 537 2595 .
593 2582 607 2595 .
664 2581 677 2595 .
726 2545 977 2595 coniciunt
1022 2544 1137 2610 igni
1150 2561 1173 2605 ;
1219 2560 1312 2610 pro
1356 2544 1413 2594 in
1551 2546 1683 2596 Aen.
1714 2557 1773 2596 xl
1804 2558 1909 2610 193.
1983 2546 2160 2598 Silent.

242 2627 423 2676 tgnem.

312 2678 523 2741 Corpore
541 2676 637 2725 tela
660 2675 798 2725 modo
818 2684 968 2740 atque
980 2675 1133 2725 oculis
1146 2676 1410 2739 vigilanti·
1551 2677 1681 2726 Aen.
1711 2688 1749 2726 v
1770 2674 1886 2740 438,
1918 2677 2036 2736 exit,
2065 2676 2206 2738 vitat,
2241 2678 2491 2730 declinat:
2527 2680 2659 2730 unde

241 2743 330 2792 bus
350 2743 470 2793 exit.
548 2741 667 2791 Tela
687 2742 808 2800 exit,
836 2757 928 2805 pro
950 2741 1094 2790 vitat.
1486 2741 1552 2791 de
1576 2742 1775 2792 Venulo
1811 2745 1892 2802 (xl
1934 2744 2050 2806 750)
2089 2751 2135 2791 ct
2170 2744 2275 2792 vim
2307 2746 2506 2808 viribus
2535 2748 2654 2795 exit.

1489 2806 1555 2856 Et
1579 2808 1677 2858 hoc
1699 2807 1853 2857 verbo
1877 2807 1952 2857 bis
1975 2823 2092 2858 usus
2113 2817 2202 2858 est.

307 2872 490 2921 Senior
506 2871 598 2920 Icto
625 2870 856 2921 canentia
881 2871 1083 2920 Iumina
1109 2871 1252 2920 solvit
1262 2885 1288 2930 ,·
1321 2886 1414 2936 pro
1552 2873 1682 2922 Aen.
1736 2885 1773 2922 x
1820 2872 1936 2934 418,
1983 2883 2069 2922 aut
2125 2873 2389 2941 hypallage
2440 2885 2514 2926 est
2568 2892 2660 2941 pro

242 2945 479 2988 vetustate
498 2937 692 2986 senilia.
1485 2937 1586 3051 ἕζεο
1638 2953 1837 2997 canens,
1898 2945 1984 2988 aut
2042 2938 2298 3003 physicam
2356 2957 2459 2990 rem
2516 2941 2654 2991 dicit.

1539 3003 1738 3052 icuntur
1775 3003 1910 3052 enim
1954 3003 2176 3069 pupillae
2218 3007 2392 3056 mortis
2435 3015 2661 3072 tempore

1486 3069 1755 3118 albescere.

307 3134 593 3197 Exesaeque
612 3131 804 3181 arbor-is
821 3138 972 3180 atttro
986 3146 1004 3179 .·
1034 3147 1125 3196 pro
1144 3147 1374 3181 caverna.
1553 3134 1739 3197 Georg.
1770 3146 1829 3182 1v
1852 3148 1933 3195 44.
2005 3134 2182 3184 Silent.

307 3199 545 3247 Frontem
560 3197 805 3246 obscenam
823 3197 964 3261 mgis
979 3204 1108 3244 arat.
1157 3199 1296 3245 Arat
1311 3212 1413 3245 non
1553 3200 1682 3248 Aen.
1712 3210 1796 3248 vn
1818 3210 1932 3260 417.
2006 3199 2183 3250 Silent.

244 3264 396 3313 nimie
417 3264 505 3312 sed
530 3263 734 3327 pulchre
751 3262 956 3311 dictum.

316 3329 416 3378 Ter
448 3329 635 3377 circum
677 3333 845 3376 aerato
879 3326 1168 3390 circumfert
1202 3327 1414 3391 teg-mine
1552 3328 1682 3377 Aen.
1713 3340 1751 3377 x
1772 3327 1886 3390 887.
1958 3328 2135 3380 Silent.

241 3395 441 3446 silvam.
515 3394 613 3443 Pro
633 3394 825 3442 mulis.

321 3460 414 3509 Vir
424 3460 609 3523 gregis,
639 3474 730 3523 pro
749 3465 910 3523 capro.
1556 3458 1665 3507 Ecl.
1689 3470 1773 3508 vn
1799 3469 1829 3521 7
1847 3460 2001 3519 (Dan.
2013 3461 2047 3520 ).
2098 3460 2340 3512 Horatius
2364 3463 2484 3522 (od.
2518 3477 2532 3513 1
2560 3465 2660 3514 xvii

1488 3523 1540 3585 7)
1583 3524 1760 3573 olentis·
1801 3527 1977 3574 uxoris
2031 3527 2220 3586 mariti,
2269 3536 2318 3577 et
2364 3529 2662 3579 Theocritus

1488 3591 1617 3649 (vlu
1640 3589 1728 3651 49)
1753 3589 1791 3638 ὧ
1814 3589 1976 3653 τράγε,
2000 3592 2098 3639 τᾶν
2118 3591 2300 3641 λευκᾶν
2321 3592 2479 3655 αἰγῶν
2497 3595 2630 3657 ἄνερ.

314 3654 514 3719 Oraque
576 3651 832 3702 comcibus
894 3658 1108 3701 summat
1164 3651 1415 3702 horrenda
1553 3655 1738 3719 Georg.
1769 3667 1811 3703 11
1838 3654 1951 3718 387,
1984 3655 2071 3720 qui
2105 3672 2165 3705 ea
2199 3657 2428 3717 (ludicra)
2464 3675 2658 3710 exerce·

240 3720 448 3770 cavatis.
525 3719 631 3769 Ora
652 3733 744 3783 pro
764 3718 1004 3784 personis.
1488 3718 1626 3775 bant.
1656 3728 1858 3784 propter
1877 3721 2227 3771 verecundiam
2258 3723 2532 3774 remedium
2563 3725 2660 3776 hoc

1486 3784 1839 3846 adhibuerunt,
1888 3801 1952 3836 ne
2000 3797 2400 3850 agnoscerentur,
2449 3799 2504 3840 ut
2548 3806 2658 3856 per·

1486 3864 1634 3900 sonas
1668 3850 1823 3901 factas
1854 3850 1920 3901 de
1946 3851 2179 3902 arborum
2208 3853 2474 3905 corticibus
2495 3872 2657 3906 sume·

1486 3922 1614 3964 rent.

305 3980 540 4031 Discolor
564 3979 698 4028 unde
728 3977 856 4027 auri
875 3986 968 4041 per
990 3992 1156 4026 ramos
1185 3993 1320 4026 aura
1341 3994 1411 4027 re·
1551 3980 1682 4030 Aen.
1732 3992 1791 4029 vl
1839 3994 1951 4042 204.
2039 3982 2185 4031 Auri
2222 4000 2372 4046 aura,
2420 3986 2659 4051 splendor

228 4046 403 4108 [ιώ-ἁ.
474 4045 610 4108 Quid
655 4043 789 4093 enim
833 4051 909 4093 est
960 4059 1094 4092 aura
1140 4044 1278 4102 auri,
1327 4051 1413 4092 aut
1485 4045 1608 4094 auri.
1683 4046 1926 4096 Horatius
1969 4047 2091 4108 (od.
2134 4059 2176 4096 11
2218 4049 2306 4098 viii
2340 4051 2426 4114 23)
2463 4058 2556 4101 tua
2600 4067 2664 4103 ne

238 4109 667 4177 quemadmodum
682 4124 820 4158 aura
833 4108 1080 4174 refulgu?
1123 4107 1225 4159 Sed
1244 4115 1412 4159 tamen
1485 4111 1705 4160 retardet
1758 4114 1911 4161 Aura
1966 4113 2191 4174 maritos,
2251 4114 2334 4164 i.e.
2398 4118 2652 4181 splendor.

238 4177 447 4243 pulchre
468 4174 739 4240 usurpavit.
1488 4175 1627 4251 liinc
1649 4185 1701 4226 et
1720 4192 1895 4290 auli-lum
1918 4176 2100 4227 dicitur
2119 4194 2151 4228 a
2171 4181 2437 4244 splendore
2466 4183 2552 4246 qui
2582 4191 2659 4234 est

1486 4256 1537 4289 m
1562 4257 1622 4290 eo
1648 4251 1782 4291 meta
1821 4258 1868 4291 0.

304 4304 765 4371 Sinu'lifrondescit
785 4305 933 4368 virga
963 4304 1171 4354 metallo.
1245 4305 1409 4367 Quam
1552 4307 1683 4357 Aen.
1730 4319 1789 4355 Vl
1842 4320 1951 4368 144,
1983 4307 2278 4371 frondescit,
2330 4310 2380 4359 in
2428 4320 2655 4362 naturam

240 4367 368 4422 be'ne
390 4387 509 4421 usus
530 4379 606 4422 est
613 4370 895 4435 frondescit
916 4370 1107 4418 metallo
1130 4370 1154 4419 l
1486 4372 1613 4421 redit
1636 4389 1650 4431 ς
1686 4382 1734 4422 et
1758 4373 1966 4422 honeste
1989 4374 2182 4426 locutus
2210 4385 2283 4426 est
2315 4377 2487 4428 dicens
2519 4379 2664 4429 habet

1479 4437 1687 4499 frondes
1706 4439 1794 4487 sui
1813 4439 2018 4488 metalli.
