3305 5129
236 412 443 475 THE
492 411 931 476 ANCIENT
977 412 1791 479 COMMENTATORS
1841 412 1974 478 ΟΝ
2023 413 2380 479 VIRGIL.
2443 414 2668 475 lxxxv

241 575 379 633 The
428 573 667 633 Servius
717 575 786 634 of
822 573 1040 633 Daniel
1080 575 1250 645 adds,
1299 593 1439 633 nam
1461 581 1749 651 protenus
1785 592 1889 651 per
1929 595 1959 634 e
1997 575 2347 635 adverbium
2390 575 2523 647 loci,
2564 593 2671 652 per

236 657 268 714 i
284 655 556 731 protinus
578 654 930 714 adverbium
961 655 1245 732 temporis
1274 655 1336 714 id
1366 666 1456 715 est
1483 658 1698 715 statim.

282 738 293 747 ’
362 735 527 794 With
556 737 658 795 the
686 747 829 795 note
864 736 1202 813 explaining
1230 744 1394 794 tenus
1419 754 1485 796 as
1519 764 1570 784 =
1584 737 1741 813 finis
1769 756 1964 814 comp.
2003 737 2191 796 Iulius
2223 739 2540 797 Modestus
2568 755 2661 813 ap.

240 817 496 895 Philarg.
551 818 623 877 G.
680 834 750 876 111
797 834 890 895 53,
941 819 1260 877 Modestus
1307 825 1472 877 tenus
1524 837 1634 896 pro
1658 818 1788 895 fine
1829 818 2079 896 accipit:
2131 818 2372 877 Verrius
2417 820 2666 878 Flaccus

240 899 426 975 (Fest.
472 917 528 975 p.
578 897 724 976 367)
767 907 934 957 tenus
977 899 1270 976 significat
1292 899 1498 975 finem,
1549 911 1616 958 ut
1659 919 1797 958 curn
1845 899 2101 958 dicimus
2142 901 2450 958 hactenus.-
2499 900 2658 958 Serv,

239 982 312 1038 A.
361 996 424 1036 vl
471 982 566 1050 62,
597 980 885 1051 hactenus,
919 981 1246 1057 hucusque,
1279 980 1341 1039 id
1380 991 1486 1053 est,
1528 980 1627 1039 hic
1673 981 1748 1040 sit
1791 980 1940 1039 finis.
2029 982 2189 1038 Nam
2228 988 2390 1039 tenus
2429 979 2665 1057 proprie

239 1071 331 1121 est
360 1069 623 1119 extrema
653 1080 785 1137 pars
814 1080 1001 1133 arcuS,
1034 1072 1101 1120 ut
1131 1063 1373 1121 Plautus
1402 1061 1682 1121 ostendit.

370 1143 432 1199 P.
485 1144 620 1217 378,
666 1151 883 1200 restare
918 1142 1134 1201 dicitur
1179 1162 1526 1220 superesse:
1570 1142 1888 1202 Terentius
1930 1189 1943 1202 .
1992 1188 2005 1201 .
2052 1188 2066 1201 .
2115 1143 2201 1201 M.
2250 1142 2484 1201 Tullius
2526 1188 2539 1201 .
2587 1187 2599 1201 .
2649 1186 2662 1201 .

240 1221 539 1300 Vergilius
582 1268 595 1281 .
643 1267 656 1280 .
703 1267 717 1282 .
762 1223 1071 1283 Aeneidos
1098 1223 1198 1282 lib.
1233 1241 1295 1282 ιν
1328 1225 1596 1301 ‘hospeS,
1630 1226 1774 1283 Hoc
1795 1226 1992 1283 solum
2020 1243 2244 1282 nomen
2272 1224 2559 1299 quoniam
2589 1224 2667 1283 de

240 1303 500 1380 coniuge
528 1305 744 1362 restat'
825 1306 1071 1363 Restare
1096 1304 1380 1365 resistere.
1470 1307 1556 1364 M.
1598 1306 1832 1365 Tullius
1860 1307 1937 1365 de
1980 1304 2228 1363 Finibus
2272 1304 2568 1364 bonorum
2607 1314 2667 1363 et

243 1386 557 1456 malorum,
593 1390 606 1414 ‘
625 1386 850 1443 nullam
879 1397 1233 1462 quaerentes
1261 1387 1628 1463 voluptatem
1659 1385 1844 1446 Stoici
1874 1387 2132 1446 restant.'

369 1465 622 1536 ServiuS,
653 1468 726 1524 A.
761 1482 822 1523 ιν
855 1485 990 1541 324,
1024 1474 1217 1539 restat,
1251 1469 1368 1526 hoc
1409 1480 1499 1527 est
1524 1476 1792 1544 superest.
1900 1467 2019 1526 Alii
2062 1473 2281 1525 restant
2317 1466 2668 1544 intellegunt

245 1547 480 1617 resistit,
512 1545 574 1605 id
602 1556 709 1618 est,
741 1546 1103 1606 contrarium
1133 1547 1241 1607 tibi
1275 1559 1380 1607 est.

366 1627 621 1698 Nonius,
653 1647 709 1704 p.
745 1648 880 1703 391,
913 1629 1020 1687 has
1057 1647 1094 1686 a
1120 1639 1262 1688 note
1293 1649 1373 1689 on
1413 1636 1579 1701 stare,
1613 1640 1678 1689 to
1706 1629 1899 1688 which
1943 1630 2019 1688 he
2060 1629 2288 1706 assigns
2318 1630 2420 1687 the
2446 1629 2666 1688 follow-

245 1728 345 1785 ing
376 1726 719 1785 meamngs:

376 1789 689 1848 Consiste-re
710 1814 729 1847 .-
799 1789 1096 1866 Vergilius
1168 1790 1594 1868 Georgicorum
1667 1792 1767 1850 lib.
1829 1809 1899 1849 111
1959 1796 1973 1823 ‘
2003 1802 2155 1850 stare
2212 1793 2347 1850 loco
2402 1788 2627 1849 nescit:
2652 1790 2667 1817 ’

244 1872 506 1930 Plautus,

364 1952 660 2009 Horrere:
704 1951 980 2024 Titinius,
1009 1951 1323 2025 Caecilius,
1357 1953 1636 2013 Lucilius,

365 2033 562 2109 Enjgi,
587 2034 932 2109 prominere.
1020 2032 1300 2092 Lucilius,

368 2114 569 2171 Fidem
596 2114 814 2173 habere.
906 2114 1135 2175 Cicero,

380 2192 583 2254 Valere
627 2203 684 2253 et
727 2203 1000 2268 constare,
1031 2195 1235 2270 fixum
1280 2214 1404 2253 esse.
1512 2196 1741 2254 Varro:
1785 2195 2080 2273 Vergilius
2134 2196 2233 2254 lib.
2284 2213 2328 2254 x
2367 2200 2381 2225 ‘
2403 2205 2518 2254 stat
2559 2214 2666 2253 sua

241 2274 460 2352 cuique
489 2276 654 2349 dies‚’
684 2293 729 2334 11
764 2280 779 2307 ‘
801 2287 916 2336 stat
943 2295 1116 2336 casus
1144 2295 1427 2335 renovare
1456 2278 1704 2336 omnes!

363 2357 611 2415 Plenum
646 2376 771 2416 esse.
857 2357 1150 2435 Vergilius
1193 2356 1253 2415 in
1298 2357 1596 2416 Bucolicis
1641 2362 1656 2388 ‘
1677 2367 1835 2417 stant
1869 2368 1927 2416 et
1959 2356 2210 2433 iuniperi
2246 2368 2306 2415 et
2349 2367 2664 2416 castaneae

244 2436 506 2497 hirsutae
524 2441 573 2498 ²:
618 2437 923 2498 Aeneidos
952 2438 1052 2498 lib.
1085 2455 1177 2496 xu
1213 2444 1226 2469 ‘
1255 2438 1372 2497 iam
1403 2440 1644 2514 pulvere
1673 2439 1907 2497 caelum
1935 2439 2101 2498 Stare
2129 2438 2370 2498 vident.²

362 2520 525 2579 Esse.
612 2520 818 2581 Varro.

362 2601 615 2671 Servius,
667 2604 738 2660 A.
795 2619 813 2660 1
860 2604 995 2674 646,
1045 2607 1180 2671 stat,
1212 2602 1397 2660 modo
1434 2608 1519 2659 est
1557 2597 1649 2680 [ut
1691 2600 1906 2661 ‘Graio
1947 2611 2106 2659 stant
2141 2599 2387 2660 nomine
2428 2599 2662 2672 dictae,’

244 2678 445 2762 Dan.].
533 2682 697 2741 Alias
738 2683 950 2753 lzorret,
981 2691 1048 2740 ut
1079 2686 1271 2740 ‘stant
1311 2681 1538 2740 lumina
1578 2683 1858 2753 flamma,'
1886 2693 1945 2741 et
1976 2682 2201 2741 ‘stabat
2234 2693 2410 2742 acuta
2450 2681 2662 2741 silex:'

243 2764 384 2822 item
419 2765 659 2839 plenum
696 2771 792 2835 est,
838 2774 903 2822 ut
948 2762 1103 2821 ‘iam
1147 2764 1387 2838 pulvere
1425 2764 1658 2823 caelum
1698 2764 1864 2822 Stare
1909 2762 2115 2822 vident
2136 2765 2186 2822 ':
2232 2763 2373 2822 item
2401 2764 2660 2838 positum

239 2852 336 2916 est,
386 2854 452 2902 ut
499 2848 513 2874 ‘
537 2855 696 2903 stant
745 2843 1031 2903 Manibus
1068 2863 1205 2902 arae
1232 2846 1277 2901 :’
1333 2844 1476 2903 item
1519 2844 1727 2919 placet,
1780 2855 1845 2903 ut
1902 2846 2052 2903 ‘stat
2105 2846 2372 2903 conferre
2416 2861 2661 2902 manum

241 2926 514 2985 Aeneae’
557 2937 617 2985 et
662 2930 676 2956 ‘
699 2936 814 2984 stat
854 2944 1025 2984 casus
1068 2944 1351 2984 renovare
1393 2927 1641 2985 omnes.'
1726 2925 1941 3002 Comp.
1982 2926 2109 2984 also
2144 2927 2301 2984 Serv.
2337 2926 2405 2984 E.
2440 2942 2528 2982 vu
2564 2941 2657 3000 53,

241 3009 313 3065 A.
347 3023 442 3064 ΧΠ
473 3009 591 3078 408
624 3003 854 3083 (Dan.),
889 3023 934 3064 11
969 3023 1100 3082 750.

363 3089 427 3146 P.
472 3091 606 3163 398,
645 3087 989 3164 supplicium
1033 3132 1046 3145 .
1094 3132 1107 3144 .
1155 3132 1168 3145 .
1215 3086 1586 3164 supplicatio.
1675 3086 1986 3147 Sallustius
2035 3086 2096 3145 in
2147 3086 2438 3149 Catilinae
2482 3086 2658 3158 bello,

244 3168 340 3226 ‘in
371 3168 676 3245 suppliciis
705 3170 956 3228 deorum
986 3167 1322 3245 magnifici.'
1407 3168 1625 3227 Accius
1670 3214 1683 3227 .
1732 3214 1745 3227 .
1790 3215 1804 3228 .
1850 3167 2145 3227 Afranius

354 3249 607 3322 Servius,
654 3252 726 3309 A.
782 3267 801 3307 1
850 3253 985 3325 632,
1031 3250 1316 3324 supplicia
1361 3248 1641 3308 dicuntur
1682 3248 2161 3327 supplicationeS‚
2203 3268 2357 3325 quae
2399 3258 2539 3308 sunt
2579 3249 2657 3307 de

240 3330 414 3390 bonis
444 3330 733 3407 supplicia
757 3349 1084 3407 passorum.
1171 3330 1499 3402 Sallustius,
1535 3330 1635 3388 ‘in
1664 3329 1970 3407 suppliciis
2000 3332 2248 3390 deorum
2279 3329 2614 3407 magnifici!

362 3413 421 3470 N
426 3411 617 3483 oniuS,
645 3431 700 3488 p.
734 3429 932 3484 400-1,
959 3411 1187 3488 assigns
1213 3412 1316 3470 the
1345 3411 1643 3488 following
1674 3411 1982 3489 meanings
2012 3423 2075 3471 to
2099 3412 2389 3487 subigere:

360 3493 582 3550 Acuere
601 3518 617 3550 .-
657 3493 954 3570 Vergilius
979 3491 1079 3552 lib.
1112 3509 1201 3550 vu
1236 3495 1250 3522 ‘
1273 3492 1676 3570 subiguntque
1705 3492 1766 3550 in
1795 3502 1931 3552 cote
1959 3494 2232 3552 secures!

360 3574 665 3645 Exercere‚
699 3575 925 3632 mollire
941 3598 959 3632 .-
1003 3573 1234 3645 Cicero‚
1267 3572 1470 3651 Virgil,
1505 3572 1787 3646 Lucilius,
1818 3583 1929 3633 etc.

362 3654 653 3729 Superare
676 3679 692 3711 .-
738 3655 942 3733 Virgil,
975 3655 1243 3715 Sisenna.

368 3735 577 3811 Cogere
600 3760 617 3793 .-
648 3737 943 3813 Vergilius
986 3783 999 3795 .
1046 3781 1060 3794 .
1107 3781 1120 3794 .
1167 3734 1267 3794 lib.
1302 3751 1365 3793 v1
1399 3739 1413 3767 ‘
1435 3735 1775 3813 subigitque
1805 3735 2007 3794 fateri:
2032 3736 2045 3762 ’
2078 3734 2360 3807 LuciliuS‚
2395 3736 2655 3793 Plautus

362 3817 614 3890 ServiuS‚
648 3819 720 3876 A.
754 3835 818 3875 vl
851 3837 963 3893 302
997 3839 1010 3876 ε
1051 3817 1268 3892 subigit
1300 3862 1314 3875 .
1361 3862 1374 3875 .
1421 3864 1434 3876 .
1482 3829 1541 3877 et
1582 3818 1744 3876 acuit
1780 3816 2088 3894 significat,
2121 3828 2187 3875 ut
2227 3820 2242 3847 ‘
2264 3815 2666 3893 subiguntque

242 3898 299 3957 in
330 3909 467 3957 cote
496 3901 769 3970 secureS‚'
798 3909 859 3957 et
884 3899 1178 3973 compellit,
1212 3906 1278 3955 ut
1310 3901 1325 3928 ‘
1344 3898 1684 3976 subigitque
1712 3897 1915 3956 fateri.'

360 3980 497 4039 The
524 3991 666 4039 note
707 3999 841 4056 may
868 3980 1195 4055 ultimately
1225 3997 1399 4038 come
1440 3980 1592 4039 from
1622 3978 1864 4038 Verrius
1905 3980 2189 4038 Flaccus:
2234 3979 2282 4036 F
2284 3990 2389 4038 est.
2421 3997 2478 4054 p.
2522 3997 2659 4054 309,

238 4061 505 4120 subactus
550 4062 734 4120 modo
770 4061 1061 4138 significat
1102 4060 1373 4133 mollitus,
1407 4061 1592 4120 modo
1635 4061 1833 4132 victus,
1877 4062 2064 4120 modo
2099 4060 2432 4135 compulsus,
2475 4058 2662 4119 modo

238 4148 470 4201 coactus.

364 4225 425 4281 P.
473 4243 608 4298 403,
655 4242 840 4282 secare
883 4222 1098 4298 sequi:
1158 4222 1320 4282 unde
1380 4231 1440 4281 et
1502 4231 1823 4281 sectatores
1877 4221 2175 4282 bonorum
2235 4229 2460 4280 sectores
2517 4219 2663 4280 dicti

240 4316 394 4363 sunt.
482 4304 775 4381 Vergilius
818 4303 919 4363 lib.
973 4320 1016 4361 x
1065 4307 1079 4334 ‘
1102 4322 1498 4380 quaecunque
1536 4313 1627 4362 est
1668 4303 1905 4362 fortuna
1949 4301 2150 4375 hodie,
2190 4321 2370 4379 quam
2410 4299 2665 4378 quisque

242 4397 405 4445 secat
434 4388 640 4462 spem!

361 4468 520 4526 Serv.
555 4469 625 4524 A.
660 4483 701 4524 x
749 4485 856 4541 107
885 4488 896 4524 :
938 4472 1104 4537 secat,
1136 4465 1418 4542 sequitur,
1450 4475 1631 4538 tenet,
1665 4464 1864 4537 habet,
1896 4475 1962 4523 ut
1994 4469 2008 4496 ‘
2033 4466 2143 4524 Ille
2186 4464 2342 4523 viam
2387 4472 2549 4523 secat
2585 4462 2662 4522 ad
