3305 5129
596 384 667 446 xl
910 383 1251 448 VIRGIL
1311 384 1519 447 AND
1585 384 1749 450 HIS
1812 383 2250 449 ANCIENT
2310 383 2708 450 CRITICS.

596 546 734 622 they
764 546 939 605 make
973 544 1018 605 it
1059 545 1363 622 probable‚
1398 548 1426 605 I
1458 545 1646 618 think,
1680 548 1808 605 that
1850 547 1952 606 the
1981 558 2123 606 note
2151 547 2220 605 os
2254 545 2490 606 Servius
2517 565 2600 605 on
2629 549 2779 605 Aen.
2813 562 2883 603 111
2914 549 3011 618 46,

596 627 788 685 which
817 627 1117 686 mentions
1146 628 1246 685 the
1286 628 1505 704 goldeu
1544 627 1750 705 bough
1790 626 1851 685 in
1882 628 1984 686 the
2011 646 2175 687 same
2218 627 2425 687 breath
2454 626 2591 687 with
2622 629 2723 687 the
2765 625 3011 685 mission

596 709 665 766 os
689 707 800 766 Iris
828 719 892 767 to
924 707 1087 767 Dido
1114 710 1236 768 and
1265 709 1366 768 the
1403 709 1632 786 change
1675 709 1745 768 of
1778 708 1942 785 ships
1979 708 2107 768 into
2149 710 2422 785 nymphS,
2454 707 2504 767 is
2531 727 2610 767 an
2637 707 3012 785 abridgment

595 789 749 848 from
778 790 1097 850 Cornutus,

722 871 779 928 It
819 889 936 929 was
978 872 1048 929 of
1087 889 1299 930 course
1339 870 1580 930 noticed
1623 871 1750 930 that
1792 869 1977 948 Virgil
2019 871 2243 930 altered
2280 871 2383 930 the
2424 883 2660 930 current
2701 869 3012 930 traditions

595 951 782 1010 about
812 953 1048 1011 Aeneas
1076 952 1166 1010 for
1195 952 1296 1011 the
1334 951 1475 1011 sake
1512 953 1582 1010 of
1614 950 1872 1028 poetical
1908 953 2119 1024 effect3
2160 952 2262 1011 the
2290 962 2405 1010 two
2436 950 2596 1010 main
2625 951 2922 1010 instances
2950 951 3021 1009 of

599 1031 716 1090 this
745 1031 924 1110 being
952 1032 1053 1092 the
1081 1032 1328 1109 episode
1356 1034 1425 1093 of
1462 1033 1626 1092 Dido
1657 1032 1717 1091 in
1747 1033 1849 1092 the
1876 1034 2075 1091 fourth
2105 1031 2356 1104 Aeneid,
2386 1033 2507 1092 and
2536 1033 2639 1092 the
2665 1044 2923 1092 account
2950 1032 3021 1090 of

596 1113 700 1172 the
729 1114 908 1173 death
938 1115 1005 1172 of
1041 1115 1281 1173 Turnus
1322 1112 1384 1172 in
1427 1115 1530 1174 the
1557 1114 1798 1173 twelsth.
1887 1113 2233 1173 Macrobius
2261 1131 2301 1170 v
2331 1113 2445 1172 xvii
2475 1133 2531 1186 4,
2580 1118 2594 1144 ‘
2614 1113 2768 1173 bene
2795 1113 2857 1172 in
2887 1131 3011 1172 rem

596 1212 766 1252 suam
823 1194 994 1254 vertit
1048 1194 1337 1271 quicquid
1405 1194 1750 1271 ubicunque
1817 1194 2042 1254 invenit
2106 1193 2461 1254 imitandum
2487 1215 2504 1267 3
2579 1195 2734 1253 adeo
2800 1205 2867 1254 ut
2934 1193 3013 1253 de

598 1275 1134 1352 Argonauticorum
1153 1286 1381 1352 quart0‚
1401 1294 1659 1352 quorum
1682 1276 1931 1353 scriptor
1951 1286 2040 1335 est
2064 1275 2439 1353 Apollonius,
2474 1275 2690 1335 librum
2708 1274 3013 1335 Aeneidos

597 1375 738 1415 suae
787 1367 1063 1432 quartum
1102 1367 1297 1416 totum
1334 1376 1526 1434 paene
1566 1356 1902 1416 formaverit
1942 1358 2022 1417 ad
2066 1356 2372 1416 Didonem
2412 1358 2505 1416 vel
2548 1358 2813 1429 Aenean,
2855 1374 3016 1415 arna-

597 1437 806 1496 toriam
849 1436 1344 1497 incontinentiam
1388 1438 1645 1498 Medeae
1686 1438 1844 1497 citca
1886 1438 2164 1497 Iasonem
2207 1438 2632 1497 transferendo·
2719 1437 2905 1513 Quod
2932 1436 3015 1496 ita

594 1517 921 1595 elegantius
961 1530 1202 1578 auctore
1238 1518 1496 1596 digessit,
1530 1530 1595 1577 ut
1635 1519 1837 1578 fabula
1877 1518 2233 1578 lascivientis
2276 1518 2550 1591 Didoni&
2581 1536 2762 1594 quam
2804 1519 3012 1577 falsam

596 1598 761 1658 novit
788 1598 1152 1671 universitas,
1184 1619 1288 1677 per
1321 1611 1411 1659 tot
1452 1612 1651 1659 tamen
1699 1601 1934 1659 saecula
1974 1600 2236 1676 speciem
2272 1598 2532 1659 veritatis
2565 1598 2870 1672 obtineat,'
2897 1609 3010 1658 etc.

596 1679 832 1739 Servius
859 1679 1073 1758 (Dan.)
1102 1700 1183 1739 on
1228 1683 1377 1740 Aen.
1412 1698 1477 1739 lv
1504 1698 1641 1757 459,
1678 1685 1692 1711 ‘
1711 1699 1848 1740 nam
1878 1681 2043 1756 quod
2085 1680 2164 1739 de
2207 1680 2450 1740 Didone
2477 1691 2537 1740 et
2563 1682 2771 1740 Aenea
2798 1679 3016 1739 dicitur

597 1760 810 1820 salsum
849 1772 955 1821 est.
1042 1762 1296 1822 Constat
1337 1761 1498 1821 enim
1541 1764 1790 1821 Aenean
1840 1762 2121 1823 CCCXL
2152 1760 2324 1820 annis
2363 1772 2503 1821 ante
2535 1760 3012 1821 aedificationem

600 1842 835 1901 Romae
878 1842 1112 1902 venisse
1155 1842 1217 1901 in
1276 1841 1527 1914 Italiam,
1580 1862 1720 1901 curn
1779 1842 2085 1920 Karthago
2140 1861 2265 1901 non
2320 1842 2431 1902 nisi
2487 1844 2603 1901 XL
2654 1842 2828 1901 annis
2874 1852 3013 1901 ante

592 1922 1073 1982 aedificationem
1125 1925 1360 1983 Rornae
1403 1934 1746 1983 constructa
1800 1923 1911 1982 sit.'
1994 1924 2136 1982 And
2191 1923 2332 1982 with
2387 1923 2592 2000 regard
2645 1934 2708 1982 to
2753 1923 3011 1993 Turnus,

597 2003 833 2063 Servius
861 2023 942 2063 on
971 2007 1121 2064 Aen.
1157 2021 1224 2062 lx
1259 2021 1391 2082 745,
1428 2008 1442 2035 ‘
1458 2004 1726 2081 plerique
1756 2006 1862 2064 sed
1892 2024 2015 2063 non
2046 2004 2246 2064 idonei
2274 2014 2776 2063 commentatores
2804 2003 3015 2063 dicunt

597 2084 655 2142 in
701 2085 819 2144 hoc
861 2086 997 2144 loco
1039 2084 1303 2145 occisum
1347 2087 1637 2159 Turnum,
1671 2087 1778 2145 sed
1818 2105 1999 2146 causa
2037 2085 2430 2145 oeconomiae
2469 2084 2718 2162 gloriam
2757 2103 2795 2144 a
2835 2095 3014 2162 poeta

597 2168 840 2225 Aeneae
881 2185 1012 2225 esse
1052 2178 1359 2239 servatam,
1406 2167 1573 2244 quod
1615 2168 1829 2226 salsum
1878 2178 1984 2227 est.
2072 2167 2232 2225 Nam
2282 2165 2331 2225 si
2378 2166 2683 2226 veritatem
2733 2165 3014 2225 historiae

594 2245 875 2322 requiraS,
947 2246 1140 2323 primo
1195 2247 1423 2325 proelio
1481 2247 1868 2325 interemptus
1917 2258 2007 2307 est
2063 2246 2312 2307 Latinus
2330 2268 2348 2320 3
2417 2246 2559 2307 inde
2611 2245 2716 2306 ubi
2772 2248 3015 2306 Turnus

594 2328 865 2387 Aeneam
892 2327 1041 2387 vidit
1058 2329 1439 2406 superiorem,
1474 2329 1758 2389 Mezentii
1783 2328 2115 2404 imploravit
2131 2328 2413 2387 auxilium
2440 2349 2456 2399 ;
2497 2329 2764 2388 secundo
2787 2326 3013 2404 proelio

594 2409 836 2468 Turnus
863 2409 1096 2469 occisus
1125 2420 1232 2482 est,
1262 2422 1323 2470 et
1350 2410 1738 2469 nihilominus
1766 2411 2003 2469 Aeneas
2030 2422 2239 2486 postea
2267 2428 2391 2468 non
2419 2408 2750 2485 comparuit
2775 2429 2791 2481 3
2839 2408 3013 2468 tertio

594 2490 822 2568 proelio
874 2490 1242 2551 Mezentium
1299 2490 1519 2550 occidit
1572 2490 1883 2549 Ascanius
1973 2492 2116 2549 Hoc
2173 2489 2376 2549 Livius
2429 2488 2575 2550 dicit
2628 2500 2688 2549 et
2742 2489 2897 2551 Cato
2949 2488 3010 2548 in

595 2571 977 2649 Originibus)
1059 2574 1156 2632 To
1184 2574 1352 2633 these
1381 2583 1552 2632 notes
1581 2591 1717 2649 may
1748 2572 1824 2632 be
1849 2573 2052 2633 added
2085 2573 2257 2631 those
2295 2573 2365 2631 of
2384 2571 2621 2631 Servius
2648 2591 2730 2631 on
2758 2573 2909 2631 Aen.
2942 2587 3011 2629 x1

596 2671 704 2726 271
738 2653 926 2713 about
955 2654 1057 2713 the
1086 2653 1248 2713 birds
1272 2655 1341 2713 of
1365 2653 1666 2714 Diomede
1689 2674 1706 2726 3
1751 2657 1766 2684 ‘
1785 2655 1900 2713 hoc
1928 2655 2065 2712 loco
2093 2654 2292 2712 nullus
2318 2651 2554 2712 dubitat
2573 2652 2809 2712 fabulae
2837 2651 3014 2711 huius

593 2732 867 2792 ordinem
908 2753 945 2793 a
972 2734 1234 2812 Vergilio
1276 2754 1406 2794 esse
1443 2754 1815 2794 conversum.
1903 2734 2063 2793 Nam
2108 2733 2424 2793 Diomedis
2465 2733 2661 2793 socios
2687 2745 2922 2792 constat
2949 2731 3012 2791 in

592 2833 732 2874 aves
761 2833 891 2874 esse
918 2834 1238 2875 conversos
1265 2827 1401 2892 post
1428 2815 1599 2875 ducis
1619 2815 1712 2875 sui
1740 2814 2061 2887 interitum,
2081 2833 2263 2892 quem
2284 2814 2611 2875 extinctum
2639 2813 3015 2891 impatienter

592 2895 881 2955 dolebant
903 2916 921 2968 3
943 2897 957 2923 ’
998 2896 1119 2955 and
1161 2915 1243 2955 on
1284 2898 1435 2956 Aen.
1470 2914 1533 2955 vr
1579 2915 1696 2974 359
1737 2897 1925 2956 about
1951 2896 2159 2956 Velia:
2206 2899 2382 2956 ‘sane
2423 2894 2735 2955 sciendum
2777 2894 3012 2955 Veliam

595 2986 865 3052 tempore
891 2995 1015 3054 quo
1042 2978 1281 3037 Aeneas
1321 2978 1401 3037 ad
1445 2977 1680 3037 Italiam
1706 2977 1871 3037 venit
1897 2978 2170 3038 nondum
2198 2976 2395 3037 fuisse.
2485 2978 2644 3054 Ergo
2680 2989 2783 3036 aut
2810 2974 3014 3036 antici—

593 3056 757 3133 patio
786 3067 892 3129 est,
922 3076 1094 3135 quae,
1126 3069 1192 3117 ut
1220 3077 1396 3135 supra
1423 3058 1698 3131 diximus,
1730 3058 1780 3118 si
1808 3079 1881 3118 ex
1896 3069 2111 3136 poetae
2137 3077 2392 3134 persona
2418 3057 2537 3130 fiat,
2561 3056 2883 3117 tolerabilis
2903 3068 3010 3130 est,

592 3136 641 3197 si
669 3148 870 3197 autem
898 3157 1005 3215 per
1030 3139 1231 3211 alium,
1261 3139 1638 3199 vitiosissima
1665 3136 1826 3199 est.'‘

720 3219 750 3278 1
781 3218 894 3277 will
921 3221 1043 3280 add
1073 3221 1214 3280 here
1240 3239 1408 3280 some
1436 3221 1608 3280 other
1649 3220 2103 3280 miscellaneous
2131 3218 2441 3279 criticisms
2469 3237 2551 3278 on
2579 3217 2790 3278 details
2819 3218 2881 3277 in
2909 3220 3013 3277 the

595 3299 884 3359 narrative
925 3302 996 3360 of
1028 3302 1132 3361 the
1171 3301 1409 3362 Aeneid
1436 3301 1629 3360 which
1661 3303 1690 3360 I
1729 3303 1880 3361 have
1917 3300 2159 3361 noticed
2199 3300 2262 3359 in
2292 3300 2543 3360 Servius.
2632 3301 2819 3377 Many
2848 3319 3013 3359 more

593 3399 692 3439 are
721 3382 1014 3441 collected
1044 3382 1123 3458 by
1153 3384 1238 3440 M.
1272 3384 1541 3442 Thomas
1569 3383 1629 3441 in
1661 3383 1752 3442 his
1780 3402 1948 3459 essay
1976 3401 2056 3441 on
2085 3381 2321 3442 Servius
2348 3401 2405 3458 p.
2442 3398 2554 3456 247
2586 3382 2707 3440 foll.

717 3478 736 3518 1
771 3479 864 3537 71,
902 3467 918 3493 ‘
938 3473 1151 3522 notant
1192 3462 1519 3541 Vergilium
1561 3463 1765 3536 critici,
1795 3463 1898 3539 qui
1941 3463 2154 3523 marito
2195 3461 2487 3540 promittit
2522 3480 2806 3535 uxorem;
2845 3461 3012 3538 quod

593 3554 834 3603 excusat
860 3543 1020 3621 regia
1044 3543 1319 3604 licentia.²

719 3640 764 3682 11
805 3625 941 3696 668,
992 3628 1008 3656 ‘
1025 3635 1236 3685 notant
1277 3626 1394 3685 hoc
1441 3624 1645 3698 critici,
1691 3625 1831 3702 quia
1873 3625 2108 3702 saepius
2147 3623 2362 3684 armari
2400 3623 2634 3700 aliquos
2681 3622 2827 3683 dicit
2871 3641 3010 3682 cum

593 3715 923 3764 exarmatos
950 3724 1258 3782 nunquam
1286 3707 1600 3766 ostendat)

717 3802 781 3842 ιν
812 3803 928 3864 509
959 3784 1190 3865 (Dan),
1226 3793 1242 3819 ‘
1259 3788 1558 3864 quaeritur
1584 3807 1622 3847 a
1648 3787 2011 3863 quibusdam
2040 3805 2196 3863 quae
2236 3785 2314 3846 sit
2355 3788 2505 3846 haec
2545 3786 2840 3859 sacerdOS,
2871 3783 3012 3861 quia

592 3865 751 3924 illam
782 3865 973 3944 ipsam
1001 3868 1191 3946 accipi
1215 3870 1425 3928 volunt
1450 3888 1605 3945 quae
1634 3887 1812 3945 supra
1838 3867 2000 3928 dicta
2027 3879 2133 3940 est,
2165 3878 2472 3944 tamquam
2500 3868 2640 3927 ficta
2666 3886 2703 3926 a
2731 3865 3012 3926 Didone.’

717 3963 781 4005 1v
813 3951 946 4025 546,
982 3950 1324 4025 ‘quomodo
1352 3951 1471 4022 vix,
1504 3969 1642 4009 cum
1687 3949 1848 4008 dicat
1883 3950 2010 4026 ipse
2039 3949 2089 4027 (ι
2134 3946 2279 4027 361>
2307 3950 2650 4009 conveniunt
2673 3948 2880 4023 quibus
2905 3953 3015 4006 aut

692 4115 707 4144 ¹
743 4118 869 4168 This
902 4118 944 4169 is
975 4135 1041 4169 an
1074 4120 1391 4185 abridgment
1425 4121 1483 4170 of
1512 4121 1748 4186 Hyginus
1781 4137 1861 4186 ap.
1892 4120 2025 4171 Gell.
2065 4132 2104 4169 x
2144 4120 2219 4170 16.
2291 4121 2378 4171 On
2411 4132 2470 4170 vl
2512 4132 2605 4169 122
2639 4116 2856 4170 Servius’
2890 4127 3010 4168 note

591 4182 811 4233 reminds
854 4199 912 4233 us
948 4184 1006 4234 of
1045 4185 1297 4251 Hyginus,
1336 4186 1405 4236 ib.
1448 4188 1477 4247 5
1519 4199 1612 4235 11:
1659 4187 1823 4251 ‘quid
1861 4186 2077 4235 Thesea:
2121 4184 2299 4235 durum
2345 4186 2645 4250 exemplum.
2720 4183 2872 4235 Unde
2916 4198 3012 4233 nec

591 4247 883 4299 immoratus
903 4258 978 4300 est
1000 4249 1052 4299 in
1075 4267 1152 4300 e0.
1224 4251 1362 4301 Dicit
1384 4260 1552 4301 autem
1575 4250 1760 4301 inferos
1782 4251 1966 4302 debere
1988 4260 2157 4328 patere
2189 4251 2381 4316 pietati,
2445 4251 2493 4300 ui
2518 4259 2783 4315 patuerunt
2805 4248 3012 4298 infanda

589 4313 825 4376 cupienti.
899 4315 1033 4364 Nam
1066 4316 1149 4365 hic
1182 4316 1245 4366 ad
1280 4316 1573 4381 rapiendam
1608 4316 1958 4382 Proserpinam
1991 4324 2114 4366 ierat
2149 4333 2262 4366 cum
2299 4316 2421 4366 Pirit
2459 4331 2541 4377 oo,
2567 4324 2616 4365 et
2651 4314 2754 4365 illic
2787 4322 3010 4364 retentus

586 4377 678 4428 luit
701 4394 909 4455 poenaS,
934 4389 988 4429 ut
1010 4382 1138 4430 sedet
1158 4389 1508 4447 aeternumque
1528 4381 1737 4432 sadebit)
1806 4382 2057 4447 Hyginus’
2079 4381 2339 4433 criticisms
2372 4397 2455 4432 are
2489 4382 2669 4445 mostly
2705 4396 2771 4429 on
2804 4388 3010 4429 matters

588 4444 647 4492 os
661 4444 849 4510 history
870 4460 928 4494 or
948 4446 1257 4513 mythology.

3249 0 3274 169 ιιι-..μ
