3305 5129
571 405 811 469 lxxviii
858 407 1062 471 THE
1109 408 1545 473 ANCIENT
1591 408 2408 474 COMMENTATORS
2453 408 2585 473 ΟΝ
2628 406 2990 471 VIRGIL.

692 569 755 626 P.
797 588 908 644 109
940 565 1160 648 [Flora,
1191 567 1449 651 florida].
1517 571 1781 631 Naevius
1810 572 2118 650 Lycurgo:
2166 577 2180 603 ‘
2198 581 2265 629 ut
2292 571 2528 632 videam
2557 569 2810 629 Volcani
2841 570 2992 628 haee

568 668 749 725 opere
780 650 1034 709 flammis
1062 652 1209 711 flora
1237 651 1398 710 fieri.’

694 732 852 790 Serv.
886 734 956 790 A.
990 748 1083 790 ΧΠ
1116 735 1251 809 605,
1265 733 1466 808 flavos
1491 733 1754 792 Law‘nt'a
1781 736 1980 793 crines.
2066 734 2332 810 Antiqua
2361 734 2539 793 lectio
2550 733 2738 808 floros
2763 733 2990 805 habuit,

572 812 635 871 id
663 824 754 872 est
762 812 1126 888 florulentos,
1144 815 1455 888 pulchros:
1483 826 1543 874 et
1571 825 1662 874 est
1690 833 1886 875 sermo
1917 815 2244 874 Ennianus
2317 817 2450 874 The
2473 816 2773 893 following
2799 816 2993 875 words

569 912 669 952 are
697 894 898 954 added
932 894 994 952 in
1027 894 1289 954 Daniel’s
1318 897 1553 955 Servius
1579 917 1592 954 ε
1637 896 1869 955 Probus
1906 897 1992 955 sic
2023 896 2366 956 adnotavit:
2414 902 2427 926 ‘
2451 897 2838 956 Neotericum
2869 908 2994 956 erat

552 976 767 1051 flavos,
798 994 938 1052 ergo
980 975 1135 1035 bene
1156 977 1362 1052 floros,
1394 996 1533 1035 nam
1573 977 1840 1054 sequitur
1867 979 1958 1035 Et
1998 997 2187 1036 roseas
2225 980 2457 1036 laniata
2487 998 2681 1053 genas.
2769 978 2991 1036 Accius

573 1056 636 1114 in
682 1056 1103 1128 Bacchidibus,
1151 1077 1290 1115 nam
1314 1059 1476 1134 flori
1514 1060 1700 1118 crines
1744 1061 1913 1117 viden
1963 1066 2033 1116 ut
2063 1061 2318 1136 propexi
2356 1060 2550 1117 tacent.
2639 1061 2714 1119 In
2758 1059 2989 1131 iisdem,

574 1139 668 1194 Et
718 1138 931 1213 lanugo
965 1139 1133 1214 flora
1176 1158 1332 1197 nunc
1365 1142 1589 1197 demum
1646 1141 1883 1215 z‘nngrat.
1999 1140 2294 1200 Pacuvius
2347 1141 2629 1218 Antiopa,
2689 1142 2992 1200 Ceruzeum

552 1219 743 1293 floros
768 1220 1079 1295 dispendia
1104 1221 1321 1279 crines!

697 1302 760 1359 Ρ.
803 1320 825 1359 1
843 1319 932 1373 14,
963 1300 1140 1375 frons
1165 1321 1275 1378 pro
1300 1301 1542 1375 frondis
1556 1325 1578 1360 .·
1618 1301 1914 1378 Vergilius
1943 1302 2374 1378 Georgicorum
2410 1304 2513 1362 lib.
2561 1320 2604 1362 11
2640 1303 2991 1380 ‘praecipue

570 1400 711 1441 cum
739 1383 902 1441 frons
940 1392 1143 1441 tenera
1179 1382 1646 1460 imprudensque
1675 1383 1986 1443 laborum.'
2088 1386 2278 1444 Varro
2306 1386 2384 1445 de
2415 1387 2508 1444 Re
2539 1385 2786 1443 Rustica
2817 1385 2914 1444 lib.
2949 1402 2988 1458 1,

577 1467 591 1494 ‘
613 1463 781 1539 quod
810 1464 964 1523 Cato
1002 1462 1100 1535 ait,
1132 1463 1357 1523 circum
1399 1465 1652 1523 fundum
1684 1464 1879 1523 ulmos
1908 1476 1969 1523 et
1996 1467 2269 1541 popu105‚
2304 1467 2466 1527 unde
2492 1467 2655 1525 frons
2685 1466 2899 1526 ovibus
2929 1476 2992 1526 et

574 1545 771 1603 bubus
801 1544 876 1604 sit
899 1545 936 1601 :'
965 1563 1034 1603 so
1061 1564 1118 1620 p.
1151 1548 1288 1617 486,
1321 1545 1568 1604 without
1603 1547 1705 1604 the
1734 1546 2001 1605 instance
2029 1547 2183 1605 from
2212 1548 2416 1607 Varro.

693 1625 947 1697 Servius,
980 1627 1051 1684 G.
1088 1643 1131 1684 11
1165 1645 1300 1701 372,
1330 1627 1509 1701 frons
1535 1635 1768 1685 tenera:
1790 1626 2033 1700 frondis
2066 1638 2157 1686 est
2189 1648 2327 1688 vera
2354 1629 2533 1689 lectio
2561 1640 2620 1688 et
2648 1628 2895 1705 antiqua
2913 1626 2990 1707 (?)

572 1707 883 1766 Lucretius
910 1706 956 1783 (1
994 1706 1110 1784 19),
1147 1708 1648 1784 ‘frondiferasque
1676 1709 1893 1767 domos
1920 1708 2156 1767 avium.'
2223 1711 2407 1787 Apud
2435 1710 2799 1785 antiquiores
2828 1709 2990 1769 enim

570 1787 879 1864 singularis
920 1787 1323 1847 nominativus
1362 1800 1487 1848 erat
1508 1790 1753 1863 frondis
1772 1813 1794 1848 .·
1835 1789 2018 1849 hodie
2053 1809 2194 1849 vero
2223 1801 2284 1849 et
2318 1811 2356 1850 a
2371 1791 2576 1866 fronte
2615 1802 2677 1849 et
2710 1810 2747 1849 a
2770 1791 2994 1864 fronde

572 1887 727 1928 unus
769 1880 860 1928 est
897 1868 1300 1928 nominativus
1322 1870 1519 1945 frons,
1552 1870 1707 1929 sicut
1751 1870 1931 1930 etiarn
1970 1872 2093 1929 lens
2128 1890 2164 1930 a
2203 1872 2351 1931 lente
2389 1883 2450 1932 et
2490 1892 2528 1932 a
2566 1873 2739 1944 lende,
2782 1871 2992 1949 capitis

570 1949 838 2010 breviore
867 1950 1163 2026 pediculo.

691 2029 853 2108 (The
883 2041 1024 2090 note
1052 2031 1115 2090 in
1143 2031 1380 2091 Servius
1418 2052 1612 2092 seems
1639 2044 1895 2110 corrupt.
1983 2033 2262 2093 Ribbeck
2290 2034 2492 2094 thinks
2516 2034 2757 2110 frondis
2784 2036 2991 2093 stands

568 2109 933 2186 sorfronds.)

693 2196 756 2252 P.
816 2196 968 2252 126:
1011 2193 1359 2269 t'ndubgitate
1399 2214 1507 2270 pro
1547 2194 1931 2271 indulgentia.
2018 2195 2270 2255 Sisenna
2314 2195 2716 2256 Historiarum
2765 2196 2866 2255 lib.
2918 2214 2990 2255 111

571 2279 586 2306 ‘
607 2276 826 2333 Bassus
854 2274 1230 2348 adsiduitate,
1262 2275 1613 2353 indulgitate
1640 2276 1869 2335 victus?

691 2355 1084 2433 Philargyrius
1115 2358 1187 2416 G.
1230 2374 1277 2414 11
1310 2375 1445 2433 345,
1477 2369 1537 2416 et
1579 2377 1734 2417 nove
1774 2358 2138 2434 indulgentia
2175 2356 2337 2417 dixit.
2424 2360 2673 2419 Veteres
2714 2359 2877 2419 enim
2906 2361 2993 2418 in-

568 2438 905 2512 dulgitatem
950 2437 1249 2510 dicebant,
1282 2449 1348 2497 ut
1377 2438 1617 2499 Caelius
1661 2438 1722 2496 in
1753 2455 1840 2496 vn
1875 2442 1890 2468 ‘
1911 2438 2349 2499 consuetudine
2392 2440 2606 2513 uxoris,
2637 2441 2990 2519 indulgitate

565 2518 856 2579 liberum.'

689 2603 753 2658 P.
814 2620 944 2676 134,
990 2602 1350 2673 latrocinari,
1398 2601 1649 2660 militare
1693 2602 1985 2661 mercede.
2072 2603 2317 2660 Plautus
2363 2603 2771 2664 Cornicularia
2824 2609 2837 2633 ‘
2859 2602 2989 2685 [qui

563 2677 712 2761 regi]
742 2682 1126 2741 latrocinatus
1167 2700 1359 2741 annos
1401 2682 1612 2741 decem
1659 2678 2021 2762 [Demetrio]
2053 2684 2371 2742 Mercede'
2415 2730 2426 2741 .
2475 2731 2488 2742 .
2536 2730 2548 2743 .
2597 2686 2656 2743 in
2701 2686 2987 2746 Tiberio:

567 2762 705 2839 ‘qui
748 2763 913 2840 apud
959 2781 1160 2839 regem
1201 2763 1262 2820 in
1301 2762 1612 2822 latrocinio
1649 2762 1829 2835 fuisti,
1875 2765 2213 2823 mercedem
2246 2766 2651 2841 acceptitasti.’
2736 2767 2986 2840 EnniuS,

568 2848 584 2875 ‘
602 2844 987 2920 fortunasque
1017 2863 1152 2902 suas
1183 2862 1434 2920 coepere
1462 2845 1721 2904 latrones
1752 2846 1917 2903 Inter
1944 2864 2008 2904 se
2037 2847 2403 2905 memorare!

686 2924 938 2997 Servius,
973 2927 1043 2982 A.
1078 2941 1170 2982 xn
1206 2942 1256 2998 7,
1286 2927 1537 2983 latronis
1577 2971 1589 2984 .
1638 2972 1651 2983 .
1700 2970 1712 2983 .
1756 2927 1941 2985 modo
1964 2928 2260 2997 venaton‘s,
2293 2938 2353 2986 et
2380 2939 2470 2987 est
2498 2929 2812 3002 Graecum,
2846 2949 2986 2989 nam

566 3007 869 3079 λατρεύειν
919 3005 1128 3065 dicunt
1167 3005 1436 3082 obsequi.
1483 3051 1496 3064 .
1547 3052 1559 3063 .
1607 3052 1620 3064 .
1667 3008 1857 3066 Varro
1906 3017 2107 3066 tamen
2163 3007 2308 3066 dicit
2362 3009 2482 3068 hoc
2529 3029 2753 3069 nomen
2809 3030 2990 3088 posse

566 3087 787 3145 habere
816 3085 996 3145 etiam
1027 3086 1301 3145 Latinam
1331 3087 1770 3164 etymologiam,
1804 3100 1870 3146 ut
1897 3090 2146 3146 latrones
2173 3088 2318 3148 dicti
2347 3090 2465 3149 sint
2493 3091 2662 3166 quasi
2690 3092 2983 3164 laterones,

563 3168 730 3244 quod
759 3167 915 3226 circa
936 3168 1117 3226 latera
1135 3187 1339 3245 regum
1368 3178 1522 3226 sunt.
1569 3214 1583 3226 .
1630 3214 1642 3227 .
1693 3170 1835 3228 Una
1862 3179 2063 3228 tamen
2093 3170 2464 3246 significatio,
2496 3171 2635 3231 licet
2663 3172 2723 3231 in
2754 3173 2988 3233 diversa

565 3248 938 3324 etymologia.
1028 3249 1274 3308 Plautus
1302 3248 1362 3307 in
1394 3249 1849 3326 Pyrgopolinice
1875 3261 2079 3327 aperte
2101 3252 2365 3310 ostendit
2391 3253 2538 3328 quid
2569 3254 2688 3312 sint
2714 3255 2980 3328 latrones,

565 3329 773 3389 dicens
806 3333 820 3359 ‘
839 3349 937 3388 rex
965 3331 1250 3389 Seleucus
1278 3330 1439 3389 misit
1465 3331 1544 3390 ad
1572 3332 2004 3390 conducendos
2033 3333 2327 3404 latroneS,'
2354 3345 2467 3392 ete.

686 3410 1053 3488 Comparing
1080 3409 1198 3470 this
1232 3422 1374 3470 note
1402 3411 1540 3469 with
1571 3413 1701 3471 that
1737 3412 1798 3471 in
1831 3414 2057 3485 Festus,
2087 3433 2143 3491 p.
2185 3433 2207 3470 1
2225 3416 2314 3485 18,
2345 3417 2595 3474 latrones
2622 3436 2727 3475 eos
2754 3415 2986 3493 antiqui

561 3491 845 3552 dicebant
900 3493 1004 3567 qui
1049 3492 1333 3552 conducti
1376 3492 1712 3552 militabant
1767 3494 1883 3551 ἀπὸ
1939 3504 2037 3563 τῆς
2087 3499 2383 3569 λατρείας,
2435 3506 2497 3554 at
2551 3516 2714 3556 nunc
2756 3498 2984 3557 viarum

562 3574 904 3632 obsessores
932 3573 1228 3645 dicuntur,
1248 3573 1389 3649 quia
1407 3593 1443 3632 a
1464 3576 1645 3633 latere
1674 3573 2038 3646 adoriuntur,
2064 3575 2186 3634 sive
2208 3578 2373 3651 quod
2401 3578 2655 3637 latenter
2680 3578 2982 3652 insidiant,

561 3674 648 3713 we
678 3653 866 3731 might
900 3654 978 3714 be
1016 3653 1299 3732 disposed
1331 3665 1393 3714 to
1421 3654 1571 3714 infer
1600 3657 1729 3714 that
1770 3654 1832 3714 in
1862 3656 1964 3715 the
2007 3667 2178 3716 notes
2214 3657 2284 3715 of
2318 3658 2556 3717 Nonius
2597 3660 2717 3718 and
2747 3659 2984 3720 Servius

559 3755 647 3795 we
674 3736 827 3795 have
847 3736 951 3794 the
978 3736 1300 3812 fragments
1328 3736 1397 3795 of
1416 3756 1495 3795 an
1523 3734 1772 3813 original
1799 3738 1960 3814 gloss
1988 3738 2057 3796 of
2077 3738 2320 3798 Verrius
2348 3741 2613 3799 Flaccus.
2680 3742 2983 3819 Compare

559 3818 687 3876 also
716 3818 921 3889 Varro,
956 3818 1020 3876 L.
1057 3819 1124 3876 L.
1157 3834 1245 3874 vn
1279 3834 1371 3894 5²·

683 3898 921 3957 Nonius
966 3917 1022 3974 p.
1080 3901 1192 3957 180
1237 3899 1345 3957 has
1392 3918 1431 3957 a
1475 3909 1617 3957 note
1658 3917 1737 3957 on
1776 3906 2114 3971 transenna,
2156 3899 2350 3960 which
2391 3901 2470 3960 he
2511 3903 2775 3980 explains
2817 3923 2882 3963 as
2915 3930 2967 3952 =

535 3978 822 4055 finestra,
853 3980 976 4039 and
1006 3979 1319 4039 illustrates
1349 3979 1428 4055 by
1457 3980 1802 4056 quotations
1830 3981 1984 4039 from
2014 3980 2229 4042 Cicero
2257 3982 2380 4041 and
2411 3983 2644 4043 Sallust.

681 4060 933 4132 Servius,
984 4062 1056 4119 A.
1105 4078 1144 4118 v
1181 4063 1318 4132 488,
1362 4060 1627 4136 explains
1670 4069 1987 4119 transenna
2030 4082 2096 4120 as
2119 4090 2170 4110 =
2193 4064 2462 4121 traiectus
2486 4064 2677 4138 fiunk,
2730 4065 2982 4143 quoting

556 4142 659 4200 the
689 4160 852 4200 same
873 4160 1122 4219 passage
1150 4142 1303 4201 from
1333 4143 1550 4201 Sallust
1576 4161 1643 4200 as
1666 4143 1724 4200 N
1729 4142 1919 4215 oniuS,
1956 4147 1971 4174 ‘
1992 4154 2312 4202 transenna
2333 4145 2660 4204 demissum
2677 4146 2980 4206 Victoriae

556 4222 939 4281 simulacrum
957 4241 1096 4281 cum
1116 4222 1457 4282 machinato
1475 4223 1722 4299 strepitu
1746 4223 2072 4283 tonitruum
2092 4243 2374 4284 coronam
2395 4226 2573 4303 capiti
2593 4226 2981 4304 imponebat!

675 4306 739 4361 P.
798 4306 926 4376 184,
975 4304 1163 4362 vzkcus
1208 4304 1469 4380 positum
1526 4323 1634 4381 pro
1677 4304 1916 4364 viscere.
2047 4307 2357 4366 Lucretius
2403 4306 2502 4366 lib.
2546 4325 2566 4365 1
2619 4309 2978 4369 ‘visceribus

556 4384 753 4444 viscus
780 4384 958 4461 gigni,
991 4404 1377 4461 sanguenque
1415 4386 1636 4444 creari!
1721 4382 1863 4465 [Pro
1904 4385 2068 4446 visco
2090 4383 2140 4467 ?]
2225 4387 2520 4465 Vergilius
2549 4390 2980 4467 Georgicorum

556 4465 655 4524 lib.
707 4483 727 4523 1
779 4468 977 4525 ‘Turn
1027 4466 1253 4543 laqueis
1288 4477 1524 4543 captare
1565 4467 1720 4525 feras
1761 4478 1821 4526 et
1860 4468 2059 4527 fallere
2107 4469 2271 4529 visco
2311 4470 2670 4529 Inventum.'
2756 4472 2830 4532 Id
2869 4482 2975 4544 est,
